2652 3503
1246 127 1489 167 —20-

323 264 620 306 Foeminarum
652 275 786 316 aeque
818 266 946 316 atque
978 262 1154 303 marium
1188 275 1366 317 corpora
1398 263 1586 318 paullum
1619 263 1823 305 inclinata
1845 276 1942 305 esse
1964 262 2113 305 solent.
2164 261 2325 318 Capilli
2356 264 2401 306 in
2432 263 2544 305 anti-

138 340 358 396 quissimis
402 340 621 394 utriusque
663 352 793 381 sexus
835 339 988 381 statuis
1032 338 1361 393 diligentissime
1404 340 1627 396 compositi
1670 345 1786 394 sunt,
1835 353 1862 382 a
1902 340 2043 383 fronte
2084 340 2285 383 retroacti
2327 345 2455 396 atque
2495 341 2541 382 in

136 417 291 460 nodum
324 417 509 470 collecti,
550 429 627 457 nec
659 428 756 457 raro
789 415 916 471 plane
955 415 1104 470 crispi,
1146 416 1294 470 quales
1337 429 1449 458 nunc
1487 417 1602 472 apud
1640 417 1865 472 indigenas
1897 415 2176 459 Americanos
2208 416 2542 472 australiumque

136 494 368 535 insularum
401 493 563 534 incolas
597 493 881 533 inveniuntur.
946 491 1139 547 Cyrenes
1180 492 1223 533 in
1264 492 1428 535 duabus
1468 493 1682 548 prioribus
1725 493 1875 548 figuris
1909 493 2055 548 capilli
2079 492 2130 535 'in
2163 493 2340 535 eundem
2372 493 2542 535 modum

136 569 357 624 compositi
391 582 487 610 csse
519 567 726 610 videntur.

325 645 451 696 Quod
483 645 537 686 ad
572 645 765 700 Cyrenes
799 645 998 686 vestitum
1030 645 1200 698 attinet,
1236 658 1317 699 quo
1350 646 1393 686 in
1427 651 1633 702 prostypo
1665 652 1792 700 atque
1825 651 1966 689 statua
1990 646 2221 702 nympham
2247 647 2402 688 cultam
2424 646 2543 687 vide·

134 736 246 776 mus,
289 722 546 778 quotidianis
581 722 671 765 eius
716 723 758 764 in
800 722 913 764 silva
951 722 1019 764 vel
1060 722 1179 776 agris
1219 723 1418 777 operibus
1457 727 1601 778 aptum
1641 724 1914 777 crediderim;
1957 737 2082 777 quum
2121 724 2339 765 mutilatae
2376 724 2542 777 figurae

134 799 315 842 vestitus
371 805 486 841 arete
531 800 610 842 sub
654 804 825 855 pectore
876 800 1039 842 cinctus
1085 799 1346 854 liberumque
1389 800 1576 843 brachiis
1616 800 1798 856 spatium
1842 800 2103 855 relinquens,
2147 799 2360 856 nymphae
2399 800 2541 855 potius

133 878 363 919 venatricis
398 878 581 932 speciem
615 877 820 932 praebere
853 877 1058 919 videatur.

320 954 389 995 Ex
423 968 579 1008 magua
613 954 835 1008 sculpendi
868 958 977 1007 arte,
1013 968 1065 995 ex
1099 957 1218 994 veste
1251 959 1446 995 accurate
1489 955 1656 1009 corpori
1695 955 1912 1009 applicata
1952 954 2252 1008 eleganterque
2294 953 2541 1008 composita,

135 1031 419 1085 colligendum
451 1030 636 1082 videtur,
670 1030 780 1071 hanc
814 1030 993 1084 effigiem
1027 1043 1079 1072 ex
1113 1030 1271 1084 optima
1304 1029 1498 1072 Graecae
1530 1031 1635 1072 artis
1668 1035 1807 1072 aetate
1839 1030 1894 1071 ad
1919 1043 1997 1072 nos
2026 1031 2283 1085 pervenisse.
2332 1030 2383 1072 In
2410 1029 2544 1086 Apol-

133 1107 233 1149 linis
267 1107 413 1161 templi
446 1107 643 1160 vestigiis
677 1107 791 1148 haud
825 1107 972 1161 procul
1005 1121 1030 1147 a
1064 1106 1201 1147 stadio
1234 1107 1407 1148 inventa
1441 1113 1516 1148 est.

322 1184 371 1224 In
405 1183 599 1238 opusculi
632 1183 767 1224 nostri
801 1183 1064 1238 praefatione
1096 1197 1122 1223 a
1149 1196 1194 1224 re
1220 1195 1303 1224 11011
1332 1183 1514 1225 alienum
1538 1183 1763 1225 videbatur
1790 1184 1938 1238 paucis
1965 1184 2171 1237 evincere,
2196 1183 2541 1236 archaeologiam

133 1273 217 1302 non
250 1259 373 1301 modo
407 1260 622 1315 omnibus,
657 1259 729 1314 qui
761 1260 916 1302 artium
947 1259 1183 1301 liberalium
1217 1259 1368 1301 studiis
1401 1273 1572 1315 operam
1595 1260 1709 1314 dant,
1743 1260 2013 1303 utilissimam
2046 1274 2142 1303 esse
2174 1259 2438 1313 maximeque
2470 1273 2543 1301 ne-

134 1337 387 1390 cessariam,
421 1336 497 1378 sed
529 1336 656 1378 etiam
689 1336 982 1378 delectationis
1016 1336 1304 1391 plenissimam
1336 1337 1390 1378 ob
1423 1350 1621 1390 magnam
1654 1350 1805 1390 rerum,
1840 1350 1946 1391 quas
1971 1336 2262 1392 complectitur
2293 1336 2543 1378 varietatem

133 1414 372 1469 multosque
406 1427 511 1468 quos
544 1414 694 1468 aperit,
729 1413 969 1468 explicandi
1002 1415 1151 1456 fontes.
1191 1414 1392 1457 Veterum
1421 1414 1573 1470 peritia
1596 1419 1682 1455 tam
1708 1414 1793 1456 late
1825 1414 1997 1469 patebat
2019 1418 2221 1468 tantaque
2243 1418 2308 1456 est
2331 1413 2375 1455 in
2399 1426 2543 1455 eorum

134 1491 337 1545 operibus
371 1491 476 1531 artis
511 1496 637 1544 atque
670 1491 832 1543 ingenii
864 1494 1089 1543 venustas,
1124 1496 1168 1531 ut
1200 1490 1390 1545 plerique
1423 1491 1652 1546 scriptores
1685 1490 1940 1532 recentiores
1974 1503 2117 1532 eorum
2145 1490 2329 1544 vestigia
2362 1502 2544 1544 sequan-

134 1573 204 1608 tur
236 1572 453 1620 artemque
494 1581 636 1608 eorum
679 1567 865 1619 quotidie
906 1567 1130 1607 imitentur.
1194 1567 1257 1609 Ut
1290 1568 1359 1607 via
1399 1581 1447 1607 ac
1490 1568 1650 1608 ratione
1683 1568 1913 1621 disputatio
1946 1567 2253 1619 institueretur,
2288 1567 2342 1607 ab
2374 1566 2543 1620 incepto

134 1657 219 1687 non
252 1643 482 1685 abhorrere
505 1642 740 1694 videbatur,
774 1642 857 1683 loci
891 1657 940 1684 ac
974 1642 1162 1696 regionis
1196 1647 1388 1684 naturam
1422 1658 1514 1685 cum
1542 1658 1588 1685 re
1611 1644 1829 1698 proposita
1854 1648 1939 1684 tam
1965 1648 2081 1684 arcte
2107 1643 2370 1683 coniunctam
2395 1643 2544 1696 paucis

133 1719 376 1762 describere
421 1719 690 1773 breviterque
731 1718 953 1761 historiam
993 1718 1183 1761 coloniae
1225 1719 1340 1761 illius
1379 1718 1649 1774 adumbrare,
1698 1733 1725 1762 a
1769 1718 1950 1763 Graecis
1993 1719 2037 1760 in
2075 1716 2225 1760 Africa
2265 1731 2314 1760 eo
2357 1722 2546 1773 tempore

133 1797 341 1849 conditae,
377 1809 458 1850 quo
491 1809 648 1850 magna
677 1796 872 1838 Graecae
904 1796 1134 1837 iuventutis
1167 1796 1233 1837 vis
1268 1810 1290 1837 0
1323 1796 1487 1851 patriae
1518 1796 1674 1838 finibus
1707 1796 1832 1838 nimis
1865 1795 2062 1850 angustis
2095 1808 2172 1850 per
2204 1794 2344 1836 omnia
2375 1794 2544 1835 finitimi

133 1874 262 1916 maris
295 1874 421 1915 litora
454 1873 746 1915 effundebatur
778 1878 905 1927 atque
938 1874 1064 1915 etiam
1098 1873 1141 1914 in
1167 1874 1391 1915 interiores
1420 1878 1563 1928 partes
1590 1887 1616 1914 a
1639 1873 1835 1915 barbaris
1860 1876 2088 1927 occupatas
2113 1872 2382 1927 penetrabat3
2417 1884 2545 1925 quum

134 1950 325 1992 homines
374 1964 514 1992 rerum
558 1963 761 1991 novarum
807 1950 982 2005 cupidos
1022 1950 1199 2004 inquieti
1231 1951 1361 1992 animi
1395 1950 1449 1991 ad
1482 1963 1615 1992 novas
1649 1950 1773 1992 sedes
1818 1949 2081 2003 quaerendas
2121 1948 2397 2002 stimularent,
2438 1956 2546 1988 mer-'

133 2031 306 2070 caturae
355 2040 457 2069 vero
504 2026 669 2069 deditos
716 2026 877 2069 feracia
920 2026 1086 2083 Libyae
1134 2041 1240 2069 arva
1286 2032 1412 2082 atque
1462 2027 1710 2069 facillimum
1754 2041 1847 2068 cum
1890 2026 2091 2082 Aegypto
2132 2024 2424 2067 commercium
2467 2038 2547 2079 spe

133 2109 337 2159 quaestus
370 2104 602 2146 allicerent.

321 2175 461 2227 Quum
505 2181 644 2217 tamen
685 2175 809 2217 huius
849 2176 990 2229 gentis
1042 2176 1240 2230 historia,
1285 2182 1330 2218 ut
1371 2191 1500 2232 supra
1550 2176 1984 2229 commemoravimus,
2025 2188 2116 2216 cum
2164 2174 2322 2230 mythis
2368 2173 2547 2214 fabulis-

133 2267 214 2308 que
248 2253 351 2295 nlire
384 2253 597 2309 permixta
623 2253 679 2295 sit
711 2258 837 2307 atque
871 2267 1051 2307 conexa,
1085 2254 1201 2295 illam
1235 2268 1433 2296 enarrare
1467 2268 1548 2295 11011
1582 2254 1807 2309 potuimus,
1841 2253 1924 2295 nisi
1957 2252 2024 2294 his
2057 2256 2253 2294 accurate
2289 2255 2414 2305 atque
2450 2249 2545 2291 dili-

133 2335 285 2385 genter
317 2330 523 2372 tractatis.
589 2329 658 2371 Ex
693 2331 845 2384 quibus
879 2335 1018 2372 tamen
1052 2345 1125 2372 eas
1158 2337 1321 2373 tantum
1354 2332 1569 2373 attulimus
1603 2344 1691 2384 res,
1732 2344 1839 2384 quae
1871 2330 2042 2385 proprie
2074 2329 2129 2370 ad
2163 2328 2356 2384 Cyrenas
2395 2327 2544 2368 urbem

133 2407 422 2462 pertinebant3
456 2407 707 2461 multasque,
741 2420 846 2461 quas
874 2420 1198 2450 commemorare
1222 2422 1300 2464 per
1326 2408 1432 2449 fines
1461 2407 1557 2449 huic
1584 2407 1861 2463 disputationi
1889 2405 2229 2460 circumscriptos
2258 2417 2342 2445 non
2373 2403 2542 2457 licebat,

133 2484 327 2538 quamvis
361 2484 483 2525 inviti
517 2484 748 2536 omisimus,
782 2484 909 2525 latius
943 2498 968 2524 a
1002 2484 1248 2538 Gcrhardo,
1283 2485 1507 2539 Muellero,
1541 2485 1638 2526 aliis
1671 2484 1777 2526 viris
1811 2484 1941 2525 multa
1975 2496 2068 2524 cum
2101 2482 2293 2524 doctrina
2323 2485 2543 2522 tractatas.

131 2561 183 2602 111
216 2560 396 2602 historia
429 2560 610 2614 denique
644 2560 856 2615 nymphae
897 2559 1113 2616 Cyrenae,
1158 2575 1211 2602 ex
1252 2561 1492 2602 abundante
1536 2561 1736 2602 materiae
1780 2560 1902 2616 copia
1941 2559 2168 2613 multisque
2212 2557 2369 2599 fabulis
2413 2568 2544 2611 saepe

132 2637 243 2678 inter
277 2651 323 2678 80
357 2636 701 2691 discrepantibus
741 2637 1004 2691 exploranda
1041 2642 1168 2691 atque
1209 2638 1253 2678 in
1287 2637 1464 2678 veritate
1497 2637 1703 2678 historica
1736 2651 1788 2677 cx
1821 2636 2060 2677 fabularum
2099 2634 2317 2687 farragine
2359 2632 2565 2675 eruenda.

132 2712 212 2755 hoc
246 2712 427 2768 primum
460 2718 551 2755 erat
584 2712 866 2767 statuendum,
901 2727 1008 2767 (11130
1040 2714 1290 2769 accipienda
1323 2719 1477 2767 essent,
1513 2727 1621 2767 quae
1653 2713 1893 2755 reiicienda.

319 2789 487 2831 Fabula
517 2789 572 2831 ad
596 2789 794 2845 Cyrenen
825 2790 1054 2846 nympham
1084 2791 1315 2845 pertinens,
1350 2791 1393 2831 111
1426 2790 1603 2832 Pindari
1637 2790 1822 2832 carmine
1849 2803 1979 2845 supra
2008 2791 2329 2831 commemorato
2359 2790 2546 2848 narrata,

132 2871 513 2921 quantumcumque
545 2867 600 2908 ab
634 2867 709 2908 illa
742 2866 998 2922 discrepant,
1034 2881 1141 2921 quae
1174 2882 1200 2909 a
1233 2868 1427 2922 Vergilio
1460 2868 1608 2910 eadem
1640 2868 1692 2909 de
1724 2882 1770 2908 re
1802 2866 2043 2918 traduntur,
2077 2864 2285 2906 latissime
2318 2863 2404 2904 illis
2443 2867 2547 2904 tem-

135 2942 310 2998 poribus
333 2943 444 2985 inter
467 2942 660 2986 Graecos
684 2943 980 3000 percrebuisse
1002 2943 1180 2987 videtur.
1235 2943 1330 2996 Quo
1353 2958 1405 2986 ex
1431 2944 1626 2998 carmine,
1662 2958 1710 2986 eo
1744 2948 1932 2999 tempore
1966 2942 2139 2997 script0,
2174 2954 2255 2995 quo
2279 2939 2548 2996 Cyrenarum

134 3032 236 3074 opes
277 3020 537 3074 gliscebant,
580 3021 878 3073 cognoscimus
914 3019 1184 3076 Cyrenenses
1224 3021 1267 3062 in
1309 3021 1611 3063 certaminibus
1644 3020 1815 3077 Pythiis
1849 3032 1931 3061 non
1966 3019 2058 3060 sine
2091 3017 2231 3072 gloria
2264 3014 2537 3058 contendisse

135 3094 385 3138 Celebratur
431 3097 541 3138 enim
587 3097 660 3138 illo
704 3098 889 3139 carmine
930 3097 1216 3139 Telesicrates
1256 3097 1532 3154 Pythionica,
1584 3098 1655 3152 qui
1687 3097 1811 3138 annis
1854 3097 1943 3137 fere
1977 3094 2286 3150 quinquaginta
2317 3095 2415 3132 ante
2448 3102 2541 3131 eam

132 3177 311 3215 aetatem
344 3173 465 3227 vixit,
500 3174 567 3215 cui
600 3175 797 3230 prostypi
830 3188 960 3229 supra
993 3174 1195 3229 descripti
1229 3174 1436 3228 originem
1469 3174 1798 3228 assignavimus.
1855 3171 2020 3224 Quodsi
2054 3175 2303 3221 statuamus,
2336 3165 2541 3221 Amphio-

133 3261 226 3290 nem
259 3249 375 3303 signi
407 3250 524 3292 illius
557 3255 772 3293 auctorem
805 3251 958 3306 fuisse,
1005 3264 1210 3307 persaepe
1242 3265 1337 3294 eum
1370 3251 1547 3293 Pindari
1581 3263 1749 3293 carmen
1780 3249 1941 3304 legisse
1985 3246 2217 3290 verisimile
2260 3247 2344 3299 cst,
2385 3242 2547 3297 quippe
