2652 3503
1230 88 1442 128 -6-

322 226 645 281 Antiquissimis
671 226 932 280 temporibus
948 226 1043 266 loca
1066 225 1172 267 haec
1195 230 1417 268 tenuerunt
1441 230 1590 278 gentes
1615 225 1818 281 Libycae,
1851 225 1961 266 inter
1994 239 2100 280 quas
2132 226 2386 281 praecipuae
2418 232 2538 269 erant

134 303 336 357 Barcaei,
370 303 531 360 Psylli,
564 302 851 355 Nasamones,
886 316 991 357 quos
1024 302 1226 358 deinceps
1259 303 1303 344 in
1335 302 1575 345 interiorem
1608 302 1823 357 regionem
1857 302 1995 344 coloni
2022 302 2180 347 Graeci
2203 303 2443 359 reppulisse
2474 304 2535 345 vi-

135 380 299 422 dentur.
342 380 483 435 Atque
507 380 641 436 prima
665 379 832 434 quidem
859 379 1024 421 colonia
1052 378 1235 433 Graeca,
1265 380 1383 421 cuius
1407 384 1521 421 certa
1545 378 1599 420 ad
1624 392 1702 421 nos
1727 378 1927 421 memoria
1949 380 2153 434 pervenit,
2184 394 2207 423 c
2230 379 2374 422 Thera
2396 380 2536 424 insula

136 457 317 498 deducta
350 463 415 499 est
447 471 473 497 a
506 457 642 508 Batto,
677 457 748 509 qui
782 457 917 510 primo
950 457 992 496 in
1027 456 1166 496 insula
1199 456 1350 497 Platea
1383 456 1544 509 regioni
1565 455 1802 511 Cyrenensi
1829 455 2008 496 finitima
2033 457 2235 510 consedit,
2268 461 2416 512 postea
2449 457 2534 514 Cy-

135 546 261 574 renas
302 533 448 575 urbem
489 531 674 574 condidit
724 545 835 572 anno
885 546 921 573 a.
971 530 1070 574 Chr.
1111 545 1149 572 n.
1195 531 1451 585 DCXXXI3
1501 532 1619 573 cuius
1659 546 1712 573 ex
1753 544 1909 585 genere
1949 536 2043 573 octo
2085 547 2209 587 reges
2249 539 2534 587 regnaverunt

135 609 337 652 mediocri
370 611 413 650 in
447 615 609 650 ceteras
643 609 839 649 civitates
874 608 1065 651 Graecas
1107 613 1328 662 potestate.
1392 609 1459 649 Ex
1493 608 1646 662 quibus
1679 609 2001 662 antiquissimae
2033 614 2131 651 sunt
2164 610 2389 664 Tanchira,
2422 610 2533 652 Hes-

134 686 325 742 perides,
359 686 510 728 deinde
548 685 686 727 Barca
727 685 893 727 colonia
926 684 1199 741 Cyrenensis,
1235 699 1343 739 quae
1368 699 1459 727 cum
1483 685 1666 740 Cyrenis
1690 686 1863 739 eiusque
1887 691 2010 740 portu
2034 687 2263 742 Apollonia
2288 688 2534 730 coniunctae

134 763 385 819 Pentapolis
409 763 573 818 Libyca
597 763 934 818 appellabantur.
984 763 1140 816 Reges,
1176 776 1351 816 quorum
1378 763 1561 817 potentia
1584 767 1625 804 et
1654 763 1917 816 singularum
1943 763 2159 805 civitatum
2183 766 2377 807 libertate
2410 764 2534 822 (quae

136 846 181 884 ut
198 841 337 884 Barca
356 839 621 896 Cyrenarum
649 840 870 895 imperium
894 840 1076 881 abiicere
1100 838 1378 896 conabantur)
1408 845 1448 881 et
1474 839 1701 881 Persarum
1735 840 1967 895 irruptione
1997 855 2023 881 a
2049 840 2263 898 Cambyse
2293 856 2394 896 rege
2420 843 2534 884 facta

136 919 356 974 paullatim
373 917 664 970 frangebatur,
689 917 868 970 denique
892 917 1016 971 plane
1033 916 1185 958 deiecti
1205 922 1314 963 sunt,
1341 917 1557 970 liberaque
1583 931 1657 971 pro
1682 930 1812 970 regno
1838 917 2023 958 civitatis
2048 919 2182 959 forma
2207 920 2433 961 constituta
2455 924 2531 961 est.

321 993 429 1036 Cum
467 994 715 1035 Alexandro
755 995 795 1034 in
835 994 1087 1048 Aegyptum
1119 993 1377 1047 irrumpente
1417 994 1685 1048 Cyrenenses
1725 994 1873 1034 foedus
1913 994 2123 1047 fecerunt,
2176 995 2331 1049 illoque
2370 1000 2530 1037 mortuo

136 1071 404 1113 Ptolemaeus
438 1070 552 1123 Lagi
591 1070 704 1111 filius
747 1069 939 1124 Cyrenas
972 1069 1014 1110 in
1050 1073 1299 1123 potestatem
1334 1083 1452 1110 suam
1486 1069 1660 1122 redegit.
1725 1069 1930 1122 Viguisse
1963 1070 2129 1111 videtur
2163 1070 2400 1127 Cyrenaica
2432 1072 2530 1113 Pto-

135 1148 309 1189 lemaeis
343 1147 636 1199 regnantibus,
672 1147 740 1199 qui
775 1146 851 1186 11111·
887 1146 1170 1199 sequebantur
1203 1146 1245 1185 111
1280 1145 1462 1198 regenda
1500 1145 1713 1199 republica
1748 1145 1981 1197 consiliiun,
2025 1152 2069 1186 ut
2104 1148 2317 1189 veteribus
2352 1148 2530 1188 civitati-

135 1225 214 1265 bus
247 1223 456 1277 neglectis
491 1236 624 1263 novas
657 1223 883 1264 conderent
916 1227 987 1263 aut
1019 1228 1185 1263 veteres
1221 1227 1378 1262 mutato
1412 1222 1577 1262 nomine
1610 1222 1869 1263 adiuvarent.

323 1299 395 1341 Sic
426 1299 689 1353 Hesperides
723 1300 859 1340 factae
894 1303 989 1340 sunt
1023 1299 1244 1348 Berenice,
1280 1298 1495 1339 'l'anchira
1519 1298 1723 1339 Arsinoes
1751 1313 1901 1340 nomen
1925 1300 2110 1354 accepit;
2145 1300 2306 1342 Barcae
2334 1302 2530 1356 potestati

134 1384 303 1434 portus,
338 1378 416 1419 sub
440 1377 604 1418 nomine
632 1376 906 1417 l'tolemaidis
935 1376 988 1417 ad
1018 1376 1203 1417 civitatis
1230 1376 1478 1428 dignitatem
1506 1380 1739 1430 provectus,
1774 1376 1947 1417 multum
1980 1376 2176 1426 dct1·axit;
2211 1378 2319 1419 idem
2349 1377 2531 1433 Cyrenis

135 1470 211 1512 per
244 1454 511 1511 Apolloniam
545 1452 597 1494 ad
631 1452 731 1494 litus
766 1452 1015 1494 maritimum
1050 1452 1173 1495 sitam
1203 1453 1367 1495 accidit.
1417 1452 1561 1495 Rebus
1590 1452 1647 1494 ita
1677 1453 1846 1494 mutatis
1875 1453 2143 1510 Pentapolis,
2178 1455 2289 1509 quod
2317 1470 2530 1497 commune

134 1534 259 1574 huius
293 1531 479 1584 regionis
514 1543 662 1569 nomen
697 1535 807 1570 erat.
843 1530 893 1570 de
927 1530 1108 1583 quinque
1142 1530 1207 1569 his
1243 1530 1485 1570 civitatibus
1521 1530 1721 1584 Cyrenis,
1756 1529 1997 1583 Apollonia,
2032 1531 2304 1582 Ptolemaide,
2337 1531 2529 1584 Arsinoe,

134 1609 337 1650 Berenice
370 1612 616 1661 usurpatum
651 1611 725 1646 est.

317 1684 507 1726 Ultimus
541 1683 877 1722 Ptolemaeorum
910 1684 1079 1734 generis
1116 1697 1187 1722 rex
1222 1682 1345 1736 Apio,
1382 1683 1533 1722 nothus
1567 1683 1792 1722 Ptolemaei
1823 1683 2062 1738 Pllysconis
2096 1683 2220 1735 filius,
2256 1697 2336 1737 quo
2370 1688 2529 1725 mortuo

133 1761 259 1818 (anno
301 1775 336 1801 a.
372 1759 470 1801 Chr.
518 1773 553 1799 n.
589 1757 776 1799 CXVII]
825 1760 890 1799 bie
931 1760 1148 1813 imperium
1194 1760 1454 1804 obtinuerat,
1501 1773 1672 1809 regnum
1716 1774 1766 1798 ex
1818 1765 2067 1800 testamento
2113 1760 2314 1800 Romanis
2365 1761 2530 1814 reliquit

133 1837 259 1894 (anno
293 1852 328 1878 a.
364 1836 462 1878 Chr.
496 1850 533 1876 n.
568 1834 691 1876 XCV
718 1834 759 1877 ¹).

318 1914 382 1954 Ac
416 1913 548 1966 primo
583 1912 747 1964 quidem
784 1913 972 1964 integras
1007 1912 1201 1953 civitates
1236 1913 1331 1952 illas
1361 1912 1539 1952 Romani
1571 1912 1684 1965 passi
1712 1926 1806 1952 esse
1837 1912 2042 1963 videntur,
2078 1914 2200 1952 immo
2234 1927 2361 1964 agros
2396 1915 2528 1968 publi—

131 2005 203 2032 cos
237 1991 290 2030 iis
325 1989 582 2038 restituisse,
618 1989 699 2028 nisi
735 1988 844 2041 quod
879 1989 1061 2039 vectigal
1097 1989 1147 2028 iis
1176 1990 1483 2042 imposuerunt:
1519 1988 1593 2028 sed
1621 1994 1764 2042 postea
1794 1990 1952 2029 exortis
1980 1991 2087 2030 inter
2114 1990 2306 2041 singulas
2336 1990 2526 2033 civitates

131 2066 376 2110 discordiis,
412 2079 517 2118 quas
552 2065 755 2106 Lucullus
792 2065 935 2106 Sullae
967 2065 1170 2118 auspiciis
1205 2079 1452 2118 componere
1486 2066 1641 2105 frustra
1677 2070 1851 2104 eonatus
1881 2071 1969 2105 erat
1988 2064 2033 2120 ²),
2070 2066 2245 2106 Romani
2276 2080 2355 2118 quo
2384 2067 2526 2107 ultimo

130 2143 275 2186 talium
310 2156 445 2184 rerum
481 2141 662 2182 remedio
697 2141 753 2182 uti
791 2141 1001 2186 solebant.
1035 2146 1161 2183 totam
1199 2142 1412 2193 regionem
1442 2141 1480 2181 111
1512 2141 1752 2194 provinciae
1779 2143 1974 2194 summm,
2008 2142 2072 2183 eui
2099 2156 2244 2182 nomen
2267 2140 2527 2196 Cyrenaicae

130 2219 306 2261 inditum
341 2223 425 2263 est,
463 2218 737 2268 redegerunt,
772 2231 882 2257 anno
917 2232 951 2258 a.
987 2218 1085 2259 (“111·.
1120 2232 1155 2258 11.
1192 2217 1361 2258 LXXI:
1407 2217 1471 2258 cui
1506 2231 1598 2258 mox
1635 2217 1830 2258 adiuncta
1866 2224 1929 2259 est
1963 2218 2101 2259 insula
2137 2216 2265 2260 Creta
2297 2232 2321 2258 a
2357 2217 2406 2269 Q.
2440 2218 2525 2260 Me-

130 2297 230 2337 tello
265 2295 433 2337 Cretico
467 2295 614 2349 paucis
649 2295 770 2333 :inuis
808 2304 899 2348 past
935 2309 986 2349 ra.
1022 2294 1120 2335 Chr.
1156 2308 1192 2334 11.
1221 2291 1409 2349 LXVII)
1445 2294 1630 2334 subacta.
1707 2293 1913 2338 Caesare.
1958 2294 2108 2336 deinde
2142 2292 2336 2346 Augusto
2376 2308 2524 2336 novam

128 2373 292 2428 imperii
327 2371 651 2425 descriptionem
690 2371 943 2414 instituente,
980 2371 1220 2425 provinciae
1254 2371 1352 2411 illae
1388 2370 1633 2410 conium-iae
1673 2370 1851 2412 ..Cretae
1880 2376 1919 2412 et
1949 2370 2167 2427 Cyrenes“
2196 2370 2285 2410 sive
2316 2369 2519 2422 „Cretae“

129 2450 295 2490 nomine
330 2449 547 2503 provincia
583 2448 791 2487 senatoria
828 2450 964 2488 factae
999 2455 1114 2491 sunt.
1160 2448 1224 2488 eui
1272 2447 1494 2501 proconsul
1530 2461 1622 2487 eum
1657 2448 1795 2499 legato
1830 2448 2197 2502 c«›inplurilmsque
2231 2445 2524 2499 ‹praestoribus

129 2531 333 2580 praeerat.
400 2525 667 2566 Constantini
712 2525 969 2578 temporibus
1015 2526 1141 2566 Creta
1187 2530 1226 2564 et
1270 2524 1505 2578 Cj.'1·‹·naiea
1566 2525 1805 2577 provinciam
1865 2529 2086 2578 separatae
2140 2528 2258 2574 sunt,
2311 2524 2525 2577 alteraque

127 2602 268 2656 Libya
303 2602 496 2654 superior
527 2601 742 2654 appellata
778 2602 1044 2653 praesidique
1078 2600 1411 2640 administranda
1447 2600 1600 2639 tradita
1635 2606 1709 2640 est.

314 2677 625 2718 Gravissimum
661 2677 951 2718 detrimentum
987 2677 1065 2718 hae
1100 2677 1293 2717 eivitates
1328 2676 1514 2717 Traiano
1550 2682 1752 2728 regnante
1787 2682 2000 2731 ceperunt,
2034 2690 2114 2730 quo
2148 2680 2332 2729 tempore
2365 2675 2523 2729 Iudaei,

127 2768 302 2809 quorum
336 2767 488 2805 magna
525 2755 589 2794 vis
628 2754 958 2795 Ptolemaeorum
993 2754 1251 2808 temporibus
1297 2754 1335 2793 in
1382 2753 1465 2793 illis
1508 2753 1611 2794 locis
1657 2754 1779 2795 sedes
1821 2760 2123 2809 occupaverat,
2168 2752 2371 2794 seditione
2412 2755 2523 2796 facta

126 2832 352 2886 multisque
386 2831 550 2872 civibus
585 2831 787 2874 Romanis
823 2830 1223 2887 Cy1·enensibus‹pie
1258 2831 1499 2874 trueidatis.
1548 2846 1626 2872 111111
1673 2832 1764 2873 sine
1797 2833 2010 2874 atrocibus
2044 2830 2343 2874 certaminibus
2375 2832 2522 2874 multa-

126 2923 205 2963 que
239 2922 331 2950 cum
367 2909 494 2949 caede
528 2923 552 2949 a
586 2909 789 2950 'Romanis
824 2910 1017 2963 oppressi
1053 2914 1159 2950 sunt.

209 3178 231 3215 ¹)
254 3178 322 3207 Liv.
347 3178 487 3215 Epitom.
513 3178 560 3207 70.
603 3177 630 3206 A
654 3178 745 3207 Livio
770 3178 934 3215 discrepat
958 3178 1127 3214 Appianas
1151 3178 1205 3215 qui
1229 3178 1353 3215 aliquot
1374 3178 1464 3206 aunis
1489 3186 1562 3215 post
1587 3178 1647 3207 hoe
1672 3178 1792 3207 sactum
1815 3187 1888 3208 esse
1912 3182 2032 3208 censet.

207 3229 232 3267 ²)
255 3228 407 3259 Lucullus
430 3228 590 3259 dictatore
614 3228 704 3259 Sulla
726 3232 925 3268 potestatem
954 3229 1148 3267 praetoriam
1173 3229 1202 3259 111
1227 3228 1336 3259 Africa
1359 3228 1541 3259 exercebat.
