2652 3503
130 240 226 270 esse
258 227 421 269 dicitur.
487 227 677 269 Fuerunt
717 225 860 280 igitur,
901 225 973 279 qui
1014 224 1203 267 dicerent
1225 222 1268 281 ¹),
1312 223 1510 281 Cyrenen
1543 225 1674 268 filiam
1716 226 1851 269 fuisse
1882 225 2063 283 Hypsei,
2095 226 2375 282 Lapitharum
2406 227 2537 282 regis,

131 305 251 346 cuius
283 318 441 357 greges
474 318 501 344 a
532 305 716 344 ferarum
748 303 907 355 impetu
940 302 1225 343 defendisset:
1265 314 1390 354 quam
1430 316 1556 356 quum
1596 303 1750 357 Apollo
1791 302 1835 342 in
1874 302 2063 344 Pelionis
2115 302 2295 344 saltibus
2332 291 2362 345 ⁸e
2405 308 2537 346 certa-

130 380 242 424 mine
274 395 367 422 cum
399 380 522 422 leone
554 378 770 420 victricem
802 379 995 431 vidisset,
1030 393 1171 419 amore
1213 385 1381 433 captum
1420 381 1462 419 in
1504 381 1618 419 illam
1647 381 1816 434 Libyae
1848 385 2012 433 partem
2045 394 2137 421 eam
2170 381 2428 435 abripuisse,
2471 382 2538 422 cui

133 462 283 514 postea
316 469 466 500 nomen
501 454 736 499 indidisset.
947 445 950 448 Α

316 532 385 575 Ab
418 532 485 574 his
518 543 602 573 non
635 531 810 574 multum
844 530 1102 588 discrepant,
1137 546 1245 586 quae
1278 532 1332 574 ab
1365 531 1461 574 aliis
1495 537 1731 574 narrantur.

316 609 549 663 Vergilius,
590 608 661 663 qui
705 620 788 649 non
830 612 918 650 tam
950 608 1118 651 fabulas
1151 608 1347 662 antiquas
1395 607 1632 663 perscribit,
1675 621 1800 662 quam
1839 621 1972 651 novas
2012 608 2192 665 inceptis
2233 610 2321 653 suis
2362 609 2537 652 idoneas

130 688 336 739 contexit,
386 687 581 740 notisque
629 686 871 728 nominibus
921 686 1124 739 illustrat,
1170 684 1366 741 Cyrenen
1412 688 1452 726 et
1492 684 1734 728 Aristaeum
1775 684 1817 727 in
1861 688 2054 739 quartum
2096 685 2339 742 Georgicon
2383 687 2535 730 librum

130 765 375 807 introduxit.

316 842 372 883 Et
408 842 475 882 hic
508 840 676 894 quidem
710 854 805 881 cum
838 841 891 881 iis
925 853 1029 893 quas
1065 839 1385 879 memoravimus
1420 839 1588 879 fabulas
1622 853 1705 880 non
1739 840 1864 894 plane
1897 841 2117 883 consentit.

320 917 518 973 Cyrenen
563 917 729 959 scilicet
762 917 893 958 Penei
924 916 1052 956 filiam
1088 929 1139 956 ex
1174 915 1387 969 Apollinis
1422 916 1711 970 complexibus
1744 915 1986 957 Aristaeum
2019 919 2238 972 peperisse
2270 924 2425 971 narrat,
2460 919 2534 959 sed

129 998 292 1036 tantum
324 994 459 1047 abest,
494 998 540 1035 ut
573 993 787 1049 nymphae
820 991 1037 1033 historiam
1071 1005 1163 1032 cum
1197 992 1301 1033 urhe
1333 991 1516 1047 Cyrenis
1548 997 1744 1045 terraque
1776 992 1943 1047 Libyca
1975 994 2216 1047 coniungat,
2249 999 2304 1047 ut,
2338 995 2534 1036 Aristaeo

128 1071 213 1113 iam
245 1070 400 1124 adulto,
436 1069 637 1126 Cyrenen
672 1082 764 1111 cum
796 1072 915 1123 patre
939 1066 1079 1109 Peneo
1118 1067 1187 1120 „in
1221 1067 1406 1122 gurgitis
1439 1067 1561 1110 imis“
1599 1067 1780 1122 amplius
1814 1067 2044 1123 habitasse,
2080 1076 2121 1111 et
2154 1071 2372 1125 imperium
2406 1071 2534 1124 quod-

131 1147 228 1187 dam
261 1147 305 1187 in
338 1151 503 1187 ceteras
537 1146 747 1201 nymphas
781 1144 1023 1185 exercuisse
1056 1145 1222 1185 referat.
1287 1143 1512 1186 Aristaeus
1546 1144 1677 1186 enim:
1700 1142 1733 1199 ςΞ)

940 1218 1103 1255 „Fugiens
1126 1218 1248 1247 Peneia
1271 1218 1404 1255 Tempe,

813 1273 964 1312 Amissis,
987 1276 1023 1304 ut
1045 1272 1142 1311 fama,
1169 1273 1287 1313 apibus
1311 1274 1488 1315 morboque
1511 1274 1672 1314 fameque,

814 1331 933 1361 Tristis
957 1330 998 1360 ad
1020 1331 1174 1361 exstremi
1198 1340 1324 1361 sacrum
1348 1335 1445 1370 caput
1468 1331 1598 1361 adstitit
1621 1332 1733 1366 amnis,

811 1387 912 1417 Multa
934 1396 1074 1426 querens
1098 1390 1197 1426 atque
1219 1387 1280 1417 hoc
1303 1387 1435 1418 adfatus
1458 1397 1538 1417 voce
1561 1391 1746 1425 parentem:

814 1443 918 1474 Mater
940 1442 1079 1483 Cyrene,
1102 1446 1214 1481 mater,
1238 1452 1321 1483 quac
1345 1442 1485 1483 gurgitis
1509 1443 1604 1474 huius

814 1500 881 1530 lma
904 1504 1008 1537 tenes,
1033 1500 1111 1538 quid
1134 1510 1182 1530 me
1207 1501 1373 1538 praeclara
1396 1501 1497 1538 stirpe
1520 1501 1663 1538 deorum,

816 1556 848 1587 Si
872 1556 979 1595 modo,
1003 1566 1099 1596 quem
1122 1556 1286 1595 perhibes,
1308 1559 1402 1595 pater
1424 1560 1475 1587 est
1496 1557 1720 1596 Thymbraeus
1744 1557 1872 1596 Apollo,

814 1613 958 1642 Invisum
981 1612 1059 1643 satis
1082 1613 1224 1651 genuisti
1247 1636 1254 1642 .
1279 1635 1286 1642 .
1310 1635 1317 1643 .
1341 1636 1347 1643 .

813 1670 858 1699 At
880 1674 983 1700 mater
1006 1670 1146 1700 sonitum
1170 1670 1309 1699 thalamo
1334 1670 1394 1700 sub
1418 1670 1557 1700 fluminis
1581 1671 1635 1699 alti

812 1725 950 1755 Sensit.“

316 1784 401 1828 Sed
434 1785 577 1827 missis
610 1784 678 1827 his
712 1789 861 1840 poetae
894 1784 1141 1826 recentioris
1176 1785 1420 1826 commentis
1455 1785 1534 1825 hoc
1565 1790 1724 1826 tantum
1759 1790 1988 1839 teneamus,
2013 1785 2250 1839 Vergilium
2275 1799 2416 1827 eorum
2444 1799 2537 1827 sen-

132 1863 317 1918 tentiam,
367 1863 437 1916 qui
472 1861 671 1918 Cyrenen
711 1862 753 1902 in
799 1861 988 1903 Africam
1029 1861 1083 1901 ab
1125 1861 1324 1915 Apolline
1365 1862 1589 1903 abductam
1630 1862 1829 1915 referunt,
1869 1867 1940 1903 aut
1984 1875 2157 1916 prorsus
2200 1863 2423 1916 ignorasse
2466 1868 2537 1903 aut

134 1940 325 1981 consulto
359 1939 565 1980 omisisse.

320 2016 489 2071 Cyrene
522 2016 736 2056 venationi
771 2016 1015 2056 incubuisse
1047 2020 1087 2055 et
1121 2016 1411 2056 incredibilem
1438 2017 1620 2056 ferarum
1647 2020 1833 2069 stragem
1852 2016 2006 2057 fecisse
2034 2015 2197 2056 dicitur.
2242 2016 2353 2057 Tum
2370 2015 2536 2071 Apollo,

133 2098 361 2147 conspecta
378 2094 481 2144 eius,
505 2107 630 2145 quam
655 2106 785 2146 supra
803 2092 985 2132 diximus
1017 2106 1108 2131 cum
1135 2093 1255 2132 leone
1282 2106 1437 2144 pugna,
1456 2105 1596 2132 amore
1627 2097 1775 2145 captus
1806 2092 2025 2132 consilium
2059 2092 2239 2144 virginis
2265 2075 2551 2147 abripiendae

133 2168 237 2211 iniit.

319 2246 500 2289 Frustra
544 2245 688 2299 Chiro,
732 2260 853 2299 quem
887 2246 1052 2288 consilii
1095 2246 1160 2288 sui
1203 2246 1450 2300 participem
1491 2247 1608 2300 fecit,
1650 2251 1695 2287 ut
1735 2246 1789 2287 ab
1831 2246 1996 2301 incepto
2037 2247 2259 2287 desisteret
2304 2246 2538 2288 blanditiis-

134 2337 216 2378 que
248 2324 408 2379 potius,
455 2337 579 2377 quam
614 2323 655 2364 vi
689 2328 896 2375 uteretur,
943 2337 1186 2377 permovere
1229 2323 1470 2364 conabatur.
1545 2322 1739 2375 Namque
1781 2322 1935 2377 Apollo
1976 2323 2206 2377 cupiditate
2237 2323 2446 2376 flagrans,
2496 2322 2539 2363 vi

134 2414 228 2442 eam
260 2401 303 2442 in
335 2401 522 2456 Libyam
552 2399 748 2453 abduxit,
781 2400 852 2441 ubi
883 2400 1070 2441 Aristaei
1110 2404 1243 2441 mater
1284 2401 1398 2441 facta
1430 2405 1504 2441 est.
1527 2398 1560 2455 3)
1603 2399 1709 2441 Cum
1750 2399 1829 2440 hac
1869 2400 2014 2441 fabula
2054 2401 2143 2441 fere
2182 2400 2378 2453 congruit
2419 2413 2537 2455 prae-

135 2477 252 2519 clara
284 2477 358 2518 illa
385 2476 581 2533 Cyrenae
616 2476 827 2532 nymphae
861 2477 1102 2531 descriptio,
1137 2490 1243 2530 quae
1276 2477 1389 2531 apud
1421 2477 1654 2518 Pindarum
1686 2477 1728 2517 in
1754 2476 1951 2518 Carmine
1984 2476 2165 2533 Pythice
2199 2489 2308 2517 nono
2341 2474 2537 2533 exstat.⁴)

135 2552 348 2609 Scriptum
382 2558 448 2596 est
480 2553 559 2595 hoc
593 2566 762 2595 carmen
795 2553 838 2594 in
874 2554 1073 2594 honorem
1106 2553 1384 2595 Telesicratis
1419 2553 1699 2609 Cyrenensis,
1734 2554 1776 2594 in
1810 2554 2004 2595 currendi
2038 2554 2265 2596 certamine
2299 2554 2481 2596 victoris.
2505 2552 2538 2610 5)

1118 2705 1135 2719 ἱ

223 2915 245 2953 ¹)
268 2915 360 2945 Pind.
383 2914 480 2953 Pyth.
504 2914 559 2951 IX,
583 2915 632 2944 21.

220 2966 246 3006 ³)
270 2965 393 3005 Georg.
415 2964 485 2996 Lib.
508 2965 562 2996 IV.
586 2975 638 2996 vv.
661 2966 731 2997 319.
755 2976 831 3005 ogg.

222 3019 248 3056 ⁸)
269 3017 360 3048 Talis
384 3017 512 3047 Pindari
535 3017 575 3047 de
599 3017 658 3048 hac
681 3026 714 3047 re
738 3017 899 3048 sententia
921 3016 1023 3048 fuisse
1046 3017 1185 3053 videtur.
1210 3017 1268 3048 sed
1291 3027 1350 3048 nos
1363 3027 1425 3048 non
1448 3017 1543 3058 fugit,
1567 3017 1743 3057 scriptores
1767 3022 1895 3050 veteres
1917 3018 1948 3049 in
1969 3018 2067 3050 Asiae
2081 3017 2270 3058 Libyaeque
2293 3018 2412 3050 finibus
2436 3020 2537 3049 statu-

271 3069 366 3100 endis
389 3078 594 3107 nequaquam
618 3069 702 3099 inter
724 3079 760 3100 se
783 3069 973 3099 consentire.
1017 3069 1205 3099 Herodotus
1229 3069 1269 3099 de
1301 3069 1360 3099 hac
1389 3079 1423 3099 re
1453 3069 1561 3099 fusius
1591 3069 1756 3100 disserens
1786 3071 1840 3109 (11.
1866 3070 1936 3107 16.),
1972 3070 2160 3109 Aegyptum
2190 3069 2313 3109 Libyae
2342 3068 2453 3107 potius
2482 3068 2536 3098 ad-

272 3120 477 3151 scribendam
501 3123 624 3150 censet.

223 3172 246 3210 ⁴)
268 3173 334 3202 Iam
358 3181 457 3210 supra
479 3176 670 3201 annotatum
692 3176 750 3208 est,
773 3172 945 3201 Pindarum
968 3181 1031 3201 non
1054 3172 1165 3209 Penei,
1190 3172 1249 3201 sed
1272 3173 1396 3212 Hypsei
1420 3172 1516 3203 filiam
1539 3172 1689 3212 Cyrenen
1712 3171 1830 3203 facere.

221 3222 246 3262 ⁵)
269 3222 320 3254 De
343 3223 543 3255 Telesicrate
566 3221 678 3254 confer
701 3222 823 3255 scholia
845 3223 886 3254 ad
909 3223 993 3255 hunc
1014 3224 1119 3255 locum
1143 3224 1231 3262 apud
1254 3223 1453 3255 Boeckhium
1476 3225 1559 3256 Tom
1582 3224 1621 3255 11.
1644 3234 1675 3263 p.
1699 3225 1768 3255 401.
