2652 3503
1181 80 1394 121 -8-

82 224 208 276 parte
240 218 442 275 silphium
474 217 599 259 huius
632 216 820 271 regionis
853 216 1035 271 insigne.
1099 216 1218 259 Inter
1249 216 1367 259 urbis
1408 217 1607 272 antiquae
1639 216 1846 272 vestigia,
1890 231 1999 273 quae
2038 222 2250 274 utcunque
2288 221 2492 276 temporis

86 297 261 342 casibus
294 296 535 338 oblitterata
565 308 649 336 non
682 294 840 348 exigua
873 298 1018 336 nostro
1051 298 1240 350 tempore
1272 298 1441 336 exstant
1474 294 1657 347 viarum,
1689 307 1904 350 aquarum,
1937 296 2197 352 templorum,
2230 296 2491 340 theatrorum

85 378 213 429 atque
247 373 545 428 sepulcrorum,
579 385 753 427 operum
786 372 1047 426 sculptorum
1080 372 1402 426 tabularumque
1433 371 1641 426 pictarum
1673 371 1878 425 reliquiae
1910 374 2185 427 reperiuntur.

271 450 309 492 E
342 449 516 504 regione
547 448 631 491 loci
664 448 767 502 eius,
801 462 924 503 quein
956 448 1059 490 urbs
1093 449 1266 503 antiqua
1307 448 1563 504 occupabat,
1602 448 1745 503 ampla
1786 449 2025 504 necropolis
2069 450 2357 505 cognoscitur,
2401 452 2489 494 via-

86 543 180 585 que,
213 541 321 583 quae
353 527 407 568 ab
439 526 543 568 urbe
578 524 763 582 Cyrenis
796 525 851 567 ad
883 530 1049 581 portum
1083 525 1354 581 Apollonium
1387 525 1578 579 (lucebat,
1612 524 1736 568 hodie
1768 529 1918 568 manet.

270 603 495 654 Homines,
536 602 608 656 qui
646 614 759 643 nunc
797 602 873 643 illa
912 602 1006 643 loca
1047 602 1246 655 incolunt,
1279 601 1333 642 ad
1366 614 1501 655 genus
1536 601 1914 658 Syro-Arabicum
1946 603 2175 659 pertinent,
2219 604 2274 646 ad
2311 617 2488 661 parvum

83 681 189 723 illud
223 686 263 722 et
297 680 460 734 gracile
493 679 707 720 hominum
741 692 896 732 genus,
939 679 1048 732 quod
1081 678 1135 718 ad
1169 677 1385 722 Oceanum
1417 691 1567 719 versus
1600 679 1643 719 in
1676 683 1808 732 terra,
1842 692 1950 732 quae
1982 693 2094 721 nunc
2124 682 2364 736 appellatur
2396 681 2487 723 Ma-

83 772 210 802 rocco
261 755 470 800 Shiloukh
517 755 657 808 audit,
705 769 800 798 cum
845 755 889 797 in
935 754 1133 797 interiore
1175 753 1348 796 Africae
1396 759 1516 808 parte
1560 768 1668 808 gens
1716 754 1793 796 illa
1839 755 1982 809 longis
2027 761 2154 810 atque
2198 759 2349 813 opimis
2397 773 2488 802 cor-

82 835 259 892 poribus
308 847 385 877 nec
434 846 530 875 raro
578 831 704 874 flavis
751 831 919 887 capillis
963 830 1250 885 caeruleisque
1292 830 1426 874 oculis
1469 830 1699 886 conspicua
1741 831 1998 887 reperiatur,
2048 834 2120 888 qui
2169 834 2307 877 Mauri
2355 835 2484 889 vulgo

84 917 302 956 vocantur.
366 906 571 953 Eiusdem
605 910 775 963 generis
816 914 924 960 sunt,
959 909 1028 962 qui
1062 922 1171 951 nunc
1206 907 1399 963 Cabylae
1431 907 1622 962 Algerici
1655 913 1870 950 vocantur.
1896 906 1926 965 ¹)

665 1408 747 1455 De
780 1405 1008 1465 mythis
1042 1404 1119 1452 ad
1154 1406 1423 1463 cyrenen
1456 1405 1907 1462 pertinentibus.

270 1625 462 1666 Pertinet
495 1624 760 1680 mythologia
792 1623 845 1664 ad
879 1623 1162 1676 elegantiores
1197 1637 1304 1676 quae
1342 1637 1451 1664 nune
1485 1629 1689 1664 vocantur
1721 1624 1906 1665 litteras:
1946 1625 2040 1665 usui
2074 1629 2138 1665 est
2170 1625 2307 1679 poetis
2347 1625 2483 1679 iisque

85 1717 223 1746 rerum
257 1701 552 1757 scriptoribus,
587 1701 659 1755 qui
692 1700 861 1741 fabulas
896 1705 1059 1741 veteres
1093 1699 1361 1753 perscribunt
1394 1705 1433 1741 ct
1467 1699 1508 1740 in
1542 1699 1622 1741 hoc
1654 1700 1886 1741 litterarum
1919 1714 2076 1753 genere
2108 1706 2342 1742 versantur.

270 1778 468 1819 Profecto
494 1777 678 1830 undique
703 1776 849 1817 fabula
882 1775 1075 1828 occurrit,
1110 1776 1201 1816 sive
1234 1775 1558 1816 dramaticorum
1592 1780 1717 1829 atquc
1750 1775 1978 1830 lyricorum
2011 1790 2182 1831 operum
2215 1776 2366 1819 idonea
2399 1791 2484 1819 ma-

84 1856 230 1907 teries,
267 1855 358 1896 sive
391 1855 500 1906 fons,
541 1853 651 1893 unde
692 1852 928 1906 sculptores
968 1856 1093 1905 atque
1132 1852 1317 1907 pictores
1358 1865 1486 1906 opera
1524 1851 1749 1905 effingendi
1783 1864 1860 1892 sua
1892 1852 2091 1907 impetum
2124 1852 2330 1894 hauriant.
2394 1853 2484 1895 Nec

84 1945 184 1973 vero
220 1931 388 1972 difficile
422 1936 486 1971 cst
520 1930 735 1970 intellectu
777 1929 879 1969 haec
921 1934 1107 1969 veterum
1148 1934 1381 1969 commenta
1420 1934 1504 1969 tam
1539 1934 1659 1981 grate
1693 1929 1926 1983 composita
1958 1934 2158 1983 tantaque
2192 1930 2380 1971 sollertia
2413 1945 2484 1972 ex-

84 2023 235 2064 pressa
267 2021 467 2061 magnum
501 2007 543 2047 in
577 2006 730 2047 animis
764 2019 918 2056 eorum,
953 2006 1022 2059 qui
1056 2012 1204 2060 poetas
1239 2007 1396 2058 legunt,
1430 2007 1615 2046 excitare
1648 2006 1831 2046 studium
1863 2006 2100 2046 absconditi
2134 2007 2300 2047 illorum
2333 2021 2484 2048 sensus

85 2085 275 2128 eruendi:
309 2090 492 2139 aptaque
517 2089 655 2125 autem
681 2083 1026 2137 interpretatiom·
1052 2090 1237 2137 reperta,
1265 2083 1458 2136 omnique
1486 2083 1717 2135 allegoriae
1745 2098 1794 2124 ac
1825 2083 2076 2138 mysticismi
2105 2084 2289 2137 caligine
2312 2090 2482 2137 remota,

85 2177 166 2218 quo
200 2162 291 2206 solo
326 2161 480 2218 prioris
513 2160 665 2203 aetatis
699 2159 935 2216 mytholog-i
968 2160 1028 2202 uti
1062 2160 1256 2202 solebant
1289 2159 1580 2214 fundamento,
1618 2160 1733 2202 clara
1772 2160 1844 2203 lux
1878 2160 2064 2215 antiquis
2098 2161 2378 2215 scriptoribus
2411 2161 2483 2203 ad-

84 2240 301 2296 spergitur
335 2239 640 2293 multorumque
674 2237 860 2278 locorum
894 2238 1102 2280 sententia
1134 2237 1304 2279 facilius
1340 2237 1603 2292 perspicitur.

267 2317 402 2357 Porro
436 2315 732 2369 antiquissima
761 2315 970 2357 Graeciae
1012 2315 1215 2355 historiae
1248 2328 1273 2354 a
1302 2313 1562 2355 Graecorum
1597 2314 1732 2369 poetis
1765 2314 1993 2369 repetenda
2025 2320 2108 2367 est;
2141 2328 2237 2355 nam
2269 2328 2363 2358 cum
2401 2315 2484 2370 pri-

82 2407 194 2435 mum
227 2393 413 2448 pedestri
449 2407 641 2434 sermone
677 2393 855 2434 historia
888 2394 929 2433 in
948 2392 1069 2433 Ionia
1102 2392 1230 2433 scribi
1265 2398 1413 2445 coepta
1437 2398 1513 2443 est,
1538 2406 1590 2432 ex
1619 2392 2006 2445 antiquissimorum
2036 2397 2252 2447 poetarum
2285 2392 2483 2447 operibus

82 2484 134 2512 ea
167 2476 231 2512 est
265 2470 478 2523 derivata;
513 2483 690 2523 quorum
723 2483 867 2510 omnes
902 2469 1070 2510 fabulae
1112 2469 1204 2510 sive
1236 2468 1370 2524 mythi
1405 2473 1573 2509 servato
1605 2473 1838 2522 temporum
1869 2473 1995 2523 atque
2029 2482 2230 2522 generum
2262 2468 2408 2511 ordine
2440 2469 2483 2510 in

80 2547 303 2589 historiam
337 2547 691 2601 suscipiebantur,
726 2551 849 2600 atque
884 2551 928 2587 ut
960 2545 1131 2587 humani
1164 2546 1335 2599 generis
1369 2546 1488 2599 origo
1517 2559 1542 2586 a
1573 2545 1705 2600 stirpe
1729 2545 1899 2588 deorum
1924 2547 2167 2588 caelestium
2200 2547 2480 2602 repetebatur,

82 2625 145 2665 sic
179 2624 346 2664 illorum
380 2624 633 2677 scriptorum
667 2636 796 2676 opera
835 2628 906 2663 aut
945 2622 1196 2676 theogoniae
1237 2628 1356 2663 erant
1389 2628 1459 2663 aut
1493 2622 1781 2676 genealogiae.
1846 2622 1946 2664 Sine
1978 2624 2064 2664 ullo
2098 2623 2252 2664 iudicio
2286 2624 2484 2677 nullaque

80 2700 275 2741 adhibita
309 2700 543 2752 diligentia,
577 2699 730 2751 onmia,
766 2713 872 2752 quac
906 2699 957 2740 (le
991 2699 1130 2752 gentis
1165 2712 1266 2740 suae
1301 2699 1542 2754 primordiis
1576 2699 1704 2752 vulgo
1738 2700 2027 2753 credebantur,
2062 2699 2262 2753 religiose
2294 2700 2357 2741 illi
2391 2713 2483 2755 per-

82 2777 341 2819 scribebant.

270 2852 402 2896 Cuius
435 2853 606 2907 generis
648 2859 744 2895 sunt
784 2867 912 2907 opera
946 2851 1136 2896 Acusilai
1173 2851 1345 2907 Argivi,
1392 2852 1597 2894 Hecataei
1632 2852 1808 2907 Milesii,
1852 2853 2065 2896 Hellanici
2106 2853 2254 2896 Lesbii
2293 2854 2483 2913 aliorum,

82 2944 260 2986 quorum
293 2929 495 2972 disiectae
529 2934 699 2971 exstant
733 2929 947 2984 reliquiae.

270 3007 354 3049 Sed
387 3007 499 3048 haud
534 3008 663 3048 multo
698 3013 794 3061 post
827 3008 972 3048 fabula
1004 3008 1058 3049 ab
1092 3007 1269 3049 historia
1304 3008 1369 3048 vel
1403 3008 1485 3048 fide
1520 3007 1722 3049 historica
1755 3009 1946 3063 separari
1980 3014 2129 3064 coepta
2162 3014 2237 3051 est.

166 3222 191 3260 ⁸)
214 3220 265 3252 Cf.
288 3220 474 3259 Berghaus,
499 3219 884 3259 Anthropographisches
908 3219 990 3258 Mag.
1015 3220 1067 3249 Nr.
1094 3221 1141 3250 18.
