2652 3503
1202 55 1415 94 —4—

289 192 358 236 Ab
391 193 453 236 eis
488 192 729 235 hominibus
763 206 879 246 sane,
913 192 985 247 qui
1018 206 1129 234 nunc
1160 192 1254 234 loca
1286 191 1362 234 illa
1393 192 1594 246 incolunt,
1628 191 1844 234 Arabibus
1876 191 2074 237 barbaris
2107 200 2149 238 et
2181 194 2504 252 superstitiosis,

103 270 258 326 quibus
289 270 436 312 littora
468 258 635 322 tuenda,
669 282 753 311 non
785 269 1036 324 templorum
1068 273 1257 310 veterum
1289 269 1476 323 vestigia
1508 267 1799 311 conservanda
1831 281 1959 310 curae
1992 275 2109 326 sunt,
2148 273 2255 314 nihil
2294 273 2397 314 certi
2433 275 2506 312 aut

102 346 187 389 fide
218 346 340 400 digni
379 346 593 401 explorari
637 349 812 400 poterat.
888 344 1033 386 Paeho
1072 345 1115 385 in
1156 345 1290 399 libro,
1333 345 1399 387 cui
1439 345 1685 387 inscribitur
1732 343 1933 386 Relation
1971 344 2070 389 d’un
2108 362 2279 405 voyage
2317 348 2424 392 dans
2461 348 2505 390 la

102 424 399 478 Marmarique,
433 423 476 464 la
509 421 781 478 Cyrenaique
814 428 903 477 etc.,
937 422 1039 464 dicit
1070 422 1296 478 plurimam
1329 422 1545 465 materiem
1577 422 1780 464 historiae
1817 421 1934 464 illius
1972 424 2162 478 regionis
2201 427 2361 482 scripta
2392 430 2505 468 vete-

104 513 198 542 rum
230 504 302 542 aut
334 499 503 541 omnino
546 511 711 552 eorum,
754 499 826 553 qui
866 503 965 541 ante
1008 513 1055 542 se
1098 499 1208 542 hanc
1249 513 1337 542 rem
1369 499 1665 553 tractaverint,
1706 498 1789 541 sibi
1829 498 2090 554 praebuisse.
2154 489 2504 558 Antiquissimam

103 577 235 637 igitur
267 576 415 618 harum
448 589 588 618 rerum
622 576 865 618 memoriam
896 576 1121 631 indaganti
1152 576 1409 619 redeundum
1442 581 1507 618 est
1539 575 1593 618 ad
1626 575 1855 631 scriptores
1880 574 2086 632 Graecos,
2119 584 2245 635 atque
2276 579 2504 623 ascenden-

80 640 201 696 'sdum
233 653 289 695 ad
321 653 397 695 illa
427 658 631 707 tempora,
665 654 739 695 ubi
771 654 951 696 historia
983 660 1024 696 et
1055 655 1202 695 fabula
1227 655 1287 695 ita
1313 659 1411 696 sunt
1439 654 1685 710 permixtae,
1719 658 1764 695 ut
1789 653 1895 695 haec
1919 654 1974 695 ab
2000 654 2076 697 illa
2106 658 2298 713 separari
2325 659 2503 713 nequeat

102 745 238 786 neque
270 731 450 774 historia
483 737 767 786 cognoscatur
799 732 883 774 nisi
915 733 1074 788 mythis
1108 746 1273 786 quoque
1305 738 1346 774 et
1378 733 1535 773 fabulis
1569 731 1796 785 diligenter
1829 732 2074 786 exploratis.
