2652 3503
1206 79 1450 118 -11-

316 218 403 261 Pro
436 222 554 283 casto
586 230 663 260 suo
695 217 835 259 animo
867 230 1031 258 omnem
1061 216 1275 258 hominum
1307 214 1375 257 vel
1414 215 1633 257 mulierum
1673 215 1976 271 impudicitiam
2017 214 2287 259 severissime
2329 216 2525 272 castigat.

133 296 206 339 Sic
236 295 399 338 Actaeo
430 296 475 336 in
507 308 677 336 cervum
708 298 890 335 mutatus
924 307 951 334 a
982 293 1157 334 canibus
1191 291 1281 333 suis
1313 291 1542 333 dilaniatus
1575 296 1640 333 est
1659 289 1702 348 ¹).

318 370 526 426 Superbia
558 371 741 424 Niobae,
776 384 884 424 quae
916 383 1009 411 cum
1040 369 1206 410 Latona
1239 381 1334 409 sese
1367 381 1611 423 comparare
1643 382 1749 410 ausa
1786 374 1894 423 erat,
1934 374 2094 411 tantam
2132 369 2257 412 huius
2297 370 2525 413 liberorum

132 450 238 491 iram
270 448 490 500 excitavit,
523 453 568 489 ut
600 461 743 489 omnes
776 447 942 488 Niobae
972 446 1048 487 filii
1088 444 1322 500 Apollinis,
1363 444 1476 486 filiae
1514 450 1693 499 excepta
1732 444 1931 487 Chloride
1978 446 2144 488 Dianae
2182 447 2355 501 sagittis
2397 447 2525 489 inter—

132 526 374 578 ficerentur;
415 523 553 566 Niobe
592 524 686 579 ipsa
724 524 951 576 liberorum
990 521 1108 564 clade
1146 521 1344 577 perculsa
1390 521 1433 562 in
1477 522 1661 577 lapidem
1699 528 1857 564 mutata
1902 523 1944 564 in
1983 530 2122 565 monte
2161 523 2311 580 Sipylo
2344 525 2524 567 colloca-

132 608 247 646 retur
264 600 309 660 2).
372 601 514 643 Diana
551 606 597 643 ut
639 600 855 643 venationi
897 600 1069 654 intenta,
1113 613 1241 655 saepe
1278 598 1420 640 timica
1452 599 1611 641 Dorica
1654 599 1818 655 amicta,
1851 600 2038 643 crinibus
2069 614 2184 643 more
2216 601 2374 644 Dorico
2416 616 2526 644 com—

132 680 304 736 positis,
337 678 553 720 cothurnis
587 678 754 719 creticis
786 677 952 730 induta,
986 690 1130 719 canem
1162 676 1347 717 muneris
1379 676 1547 730 insigne
1579 676 1738 717 ducens
1769 676 1952 730 fingitur.

316 754 506 797 Oreades
546 755 638 796 sive
677 753 889 810 nymphae
927 752 1146 795 montium'
1173 753 1340 794 Dianae
1379 742 1591 795 cohortem
1634 753 1961 807 constituebant,
2006 768 2182 808 quarum
2215 760 2305 798 erat
2338 754 2520 812 Cyrene,

131 832 360 888 praecipua
403 832 544 887 operis
587 831 721 873 nostri
760 831 967 872 materies.
1036 831 1143 873 Illae
1180 829 1361 871 medium
1400 830 1521 883 quasi
1562 830 1672 871 inter
1710 829 1811 871 deos
1852 830 2122 886 hominesque
2162 832 2299 874 locum
2332 834 2523 876 obtinere

133 908 260 967 (unde
293 909 571 951 semidearum
603 921 754 949 nomen
786 906 1010 963 duxerunt)
1044 912 1085 949 et
1117 907 1336 960 utriusque
1368 911 1541 947 naturae
1574 906 1804 961 participes
1837 919 1932 948 esse
1964 908 2228 962 putabantur.

318 984 389 1027 Sic
421 985 644 1038 Homerus,
677 985 750 1026 ubi
782 983 994 1027 Oreadum
1025 984 1277 1026 mentionem
1295 981 1328 1038 3)
1361 982 1481 1036 facit,
1525 983 1739 1024 ambrosia
1771 997 1843 1024 eas
1877 983 2036 1037 vivere,
2075 985 2129 1026 ad
2161 985 2332 1028 deorum
2366 987 2519 1030 choros

104 1057 342 1117 adhiberi,
383 1067 423 1104 et
462 1062 661 1104 Mercurii
701 1060 1017 1116 Silenorumque
1055 1074 1197 1102 amore
1238 1060 1324 1115 peti
1362 1060 1480 1112 dicit,
1526 1065 1566 1102 et
1605 1060 1797 1114 quamvis
1838 1061 2093 1103 immortales
2125 1076 2207 1103 non
2240 1064 2344 1117 sint,
2389 1064 2521 1106 vitam

131 1153 273 1181 eorum
305 1152 387 1180 non
421 1139 613 1180 desinere
645 1138 727 1179 nisi
761 1152 852 1179 cum
885 1138 1020 1193 ipsius
1053 1138 1231 1190 arboris,
1276 1150 1453 1190 quacum
1486 1138 1732 1179 coniunctae
1771 1137 1855 1179 sint
1889 1138 2080 1192 interitu;
2114 1139 2221 1181 unde
2266 1142 2521 1197 ἵσόόὶνδροι

130 1217 155 1257 1.
190 1229 223 1258 6.
256 1217 479 1257 arboribus
513 1215 712 1269 aequales
745 1228 770 1255 a
803 1215 1017 1257 veteribus
1050 1214 1384 1269 appellabantur.

315 1293 560 1349 Nymphae,
595 1292 685 1333 sive
717 1297 871 1334 terram
904 1292 995 1333 sive
1027 1304 1142 1332 marc
1175 1291 1380 1345 colentes,
1422 1296 1545 1332 antra
1583 1305 1759 1333 amoena
1800 1292 1971 1334 conchis
2004 1297 2170 1346 ornata,
2212 1294 2360 1336 fronde
2392 1295 2519 1337 viridi

129 1374 241 1411 tecta
280 1356 551 1422 fontibusque
583 1369 761 1422 irrigata
807 1368 1018 1408 domicilio
1062 1368 1325 1421 ‹leligeba11t3
1368 1373 1494 1422 atque
1536 1368 1820 1424 nymphaeum
1860 1367 1936 1425 (ita
1979 1369 2089 1410 enim
2128 1369 2208 1412 hae
2239 1371 2516 1426 nympharum

129 1447 254 1489 sedes
287 1444 564 1501 vocabantur)
598 1445 709 1499 quod
740 1445 901 1487 Romae
933 1449 1041 1497 erat,
1085 1430 1157 1485 ubi
1195 1446 1407 1500 nymphae
1447 1446 1710 1491 colebantur,
1755 1445 1899 1487 eodem
1943 1446 2064 1487 modo
2105 1447 2291 1488 fontibus
2324 1453 2365 1489 et
2397 1449 2518 1502 aquis

128 1523 421 1565 desilientibus
455 1526 545 1564 erat
578 1526 778 1563 ornatum.
843 1521 1001 1562 Earum
1033 1525 1154 1576 pater
1186 1520 1382 1564 Oceanus
1426 1522 1572 1564 haberi
1606 1522 1787 1575 solebat,
1832 1522 1929 1576 quia
1963 1536 2106 1564 omnes
2139 1537 2272 1578 paene
2311 1524 2520 1580 nymphae

127 1613 259 1653 mare,
292 1599 484 1653 flumina,
516 1600 654 1640 fontes
687 1598 888 1652 lacusque
921 1598 1180 1646 habitabant.

312 1675 500 1730 Antiqua
533 1676 641 1717 enim
681 1675 943 1729 mythologia
982 1688 1142 1715 omnem
1184 1689 1320 1715 rerum
1353 1680 1544 1716 naturam
1578 1677 1797 1717 multorum
1830 1677 2001 1718 deorum
2034 1677 2275 1732 praesentia
2314 1678 2518 1719 celebrari

128 1753 342 1806 credebat,
375 1752 486 1793 unde
516 1753 673 1792 factum
706 1755 789 1803 est,
823 1755 867 1791 111
900 1751 1035 1792 01111118
1068 1765 1206 1793 16111111
1238 1756 1408 1804 natura,
1449 1753 1634 1793 animata
1666 1753 1732 1794 vel
1767 1754 2015 1807 inanimata,
2050 1767 2173 1795 sacra
2204 1754 2334 1795 fieret.
2398 1755 2515 1797 Inter

127 1843 233 1883 quos
266 1829 389 1869 homo
422 1832 617 1869 versatur
649 1827 825 1868 audiens
858 1832 902 1867 ut
934 1828 993 1867 ait
1025 1825 1298 1882 Miltonns⁴):

1112 1900 1213 1937 „from
1236 1901 1290 1932 the
1315 1905 1409 1940 steep

987 1956 1032 1987 Of
1051 1957 1190 1996 echoing
1211 1958 1266 1987 11111
1288 1967 1325 1987 01
1347 1958 1471 1988 thicket
1495 1981 1628 1988 .....

989 2013 1142 2044 celestia!
1165 2014 1277 2045 voices
1300 2014 1448 2053 through
1470 2014 1524 2045 the

1108 2070 1267 2110 midnight
1290 2071 1340 2101 air
1362 2094 1493 2102 .....
1498 2071 1514 2086 “

310 2130 576 2174 Gerbardius
616 2131 658 2171 in
701 2143 828 2185 opere
868 2143 943 2171 suo
976 2130 1342 2184 praestantissimo
1377 2130 1570 2186 Cyrenae
1604 2132 1813 2186 nymphae
1846 2132 2050 2185 originem
2084 2134 2308 2175 subtexere
2341 2139 2518 2176 conatus

126 2214 210 2263 est,
245 2208 320 2251 sed
352 2208 450 2251 inde
482 2208 536 2250 ab
568 2207 686 2249 initio
720 2207 924 2250 dubitatio
958 2207 1010 2250 (16
1043 2207 1289 2263 parentibus
1322 2208 1413 2251 eius
1446 2213 1644 2261 movetur,
1679 2223 1801 2263 quum
1834 2215 1905 2250 aut
1927 2208 2104 2265 Hypseo
2137 2215 2209 2252 aut
2242 2210 2384 2253 Peneo
2414 2217 2516 2253 nata

211 2452 235 2491 ¹)
258 2452 316 2483 Ov.
339 2452 414 2482 Met.
436 2452 491 2489 III,
514 2452 584 2482 355.

212 2503 237 2543 ²)
258 2504 429 2535 Praeclara
449 2503 503 2534 ina
523 2503 649 2534 Niobae
673 2503 807 2543 eiusque
830 2503 1002 2534 liberorum
1025 2503 1151 2541 effigies
1174 2503 1327 2533 Praxiteli
1350 2503 1447 2533 tribui
1471 2504 1562 2533 solet.

210 2554 235 2594 ³)
255 2554 363 2595 Ὑμνος
385 2555 440 2586 IV.
463 2555 521 2594 (εἰς
543 2552 752 2595 Ἀφροδίταν)
777 2564 829 2585 vv.
853 2555 913 2585 259
937 2563 1008 2593 sqq.

861 2609 899 2634 αϊ
917 2605 944 2644 ῥ’
968 2605 1038 2634 οὔτε
1063 2609 1192 2641 θνητοῖς
1216 2606 1285 2634 οὔτ’
1310 2605 1517 2635 ἀθανάτοισιν
1539 2609 1676 2635 ἕπονται·

863 2656 961 2697 δηρόν
981 2658 1044 2697 μὲν
1066 2648 1176 2693 ζώουσι
1199 2661 1252 2688 καὶ
1278 2657 1440 2698 ἄμβροτον
1461 2652 1552 2697 εἶδαρ
1576 2657 1691 2687 worm.

859 2712 913 2738 καί
936 2720 969 2738 τε
990 2709 1062 2748 μετ’
1086 2708 1274 2738 ἀθανάτοισι
1298 2709 1396 2739 καλὸν
1417 2710 1518 2749 χορόν
1540 2708 1728 2748 ε’ρριᾶσιιιία

864 2762 933 2801 τῇσι
956 2761 993 2791 δὲ
1017 2761 1157 2798 Σειλιμόί
1178 2765 1230 2791 καὶ
1253 2762 1411 2796 εόσκοπος
1433 2761 1648 2801 Ἀργειφόντης

860 2811 1006 2851 μίσγοντ’
1031 2811 1065 2840 ἐν
1087 2811 1233 2851 φιλότητι
1256 2813 1352 2853 μυχῷ
1374 2814 1493 2841 σπείων
1514 2811 1675 2850 ἐροέντων.

860 2864 928 2903 τῇσι
952 2862 1041 2903 (νᾶμ’
1066 2863 1082 2900 ἢ
1104 2864 1209 2893 ἐλάται
1233 2863 1265 2900 ἠὲ
1290 2864 1388 2904 δρύες
1411 2863 1592 2902 ὑψικάρηνοι

859 2914 1083 2954 γεινομένῃσιν
1104 2915 1228 2954 ἔφυσαν
1251 2915 1304 2945 ἐπὶ
1326 2918 1422 2955 χθονὶ
1445 2917 1626 2954 βωτιανείρῃ

860 3016 921 3047 ἀλλ’
946 3015 998 3047 ὅτε
1018 3027 1073 3047 κεν
1094 3017 1135 3053 δὴ
1157 3023 1258 3058 μοῖρα
1280 3018 1456 3057 παρεστήκῃ
1480 3016 1642 3046 θανάτοιο,

859 3066 1007 3101 ἀζάνεται
1028 3068 1089 3108 μέν
1111 3068 1240 3109 πρῶτον
1262 3067 1317 3097 ἐπὶ
1340 3070 1437 3108 χθονὶ
1463 3067 1601 3106 δένδρεα
1624 3066 1711 3096 καλά.

859 3119 970 3158 φλοιός
993 3120 1023 3148 δ’
1047 3119 1379 3161 σ’μφιπεριᾳθινύθει,
1402 3124 1552 3149 πίπτουσι
1575 3119 1740 3153 δ’ἇπ’ὔζοι.

861 3172 921 3201 τῶν
943 3171 981 3201 δὲ
1004 3171 1036 3201 θ’
1061 3172 1145 3211 ὁμοῦ
1170 3172 1262 3212 ψυχή
1284 3174 1383 3202 λείπει
1405 3171 1490 3211 φάος
1513 3170 1632 3207 ἠελίοιο.

205 3218 231 3258 ⁴)
252 3219 406 3250 Paradise
428 3220 500 3250 lost.
524 3221 579 3261 IV,
604 3221 671 3252 180.
