2652 3503
1199 94 1441 134 -17—

128 238 318 290 chlamys
352 232 590 288 superiecta
622 236 697 274 est.
762 229 920 287 Capilli
961 229 1051 272 eius
1093 244 1119 272 a
1159 231 1298 273 fronte
1329 231 1526 273 retroacti
1566 234 1685 282 sunt3
1734 229 1875 285 Libya
1890 228 1921 286 ¹)
1960 231 2145 273 tunicam
2177 231 2300 284 gerit,
2332 230 2509 273 talarem

127 326 232 358 zona
264 309 547 363 constrictam,
587 308 654 351 cui
686 307 924 364 superiecta
956 311 1021 350 est
1053 307 1167 363 palla
1198 307 1253 350 ad
1286 312 1433 362 pectus
1466 307 1654 350 subnexa
1688 311 1814 361 atque
1845 307 1897 350 de
1928 313 2049 362 tergo
2082 307 2349 363 dependens,
2382 309 2510 350 vesti-

127 392 205 435 bus
238 387 405 431 omnino
438 386 481 429 in
514 384 774 443 Aegyptium
807 398 963 428 morem
996 384 1250 441 compositis.
1315 382 1473 440 Capilli
1505 384 1595 427 eius
1630 384 1736 427 vitta
1768 384 1898 427 vincti
1929 390 2054 440 atque
2088 383 2365 428 calamistrati
2397 385 2510 427 fron-

126 473 208 509 tem
242 465 512 518 cervicesque
543 468 708 517 tegunt,
742 463 915 505 brae-hio
948 462 1114 504 sublato
1147 475 1343 504 coronam
1376 462 1562 503 lauream
1595 475 1726 517 supra
1759 461 1949 518 Cyrenes
1983 468 2109 519 caput
2141 462 2395 505 intendente.

309 553 403 593 Hoc
435 557 559 605 gestu
591 557 662 593 aut
695 551 927 605 significari
960 555 1110 605 potest,
1145 550 1341 606 Cyrenen
1382 563 1408 591 a
1446 550 1586 606 Libya
1618 551 1758 606 patria
1789 552 1910 605 quasi
1942 551 2142 607 adoptiva
2180 564 2203 593 e
2235 550 2424 608 nympha
2455 550 2511 592 ad

127 632 229 673 deae
262 629 509 683 dignitatem
543 634 729 670 evectam
762 642 869 679 esse,
903 632 975 668 aut
1007 627 1209 669 victoriae
1248 632 1432 680 tantum,
1466 641 1589 681 quam
1628 628 1680 668 de
1720 628 1840 669 leone
1881 629 1953 670 illo
1996 633 2307 684 reportaverat,
2353 641 2510 670 corona

127 709 200 750 illa
232 707 462 761 praemium
494 705 689 748 habenda
721 711 795 747 est.
852 705 922 746 Sic
955 705 1262 760 olympionicae
1294 705 1498 745 olivarum
1532 705 1699 746 coronis
1733 705 2016 759 donabantur,
2051 707 2120 760 qui
2154 707 2361 747 maximus
2394 705 2508 761 apud

127 784 319 827 Graecos
352 783 485 826 honos
518 783 686 825 habitus
720 787 794 825 est.

308 871 376 913 Ad
408 872 573 927 Libyae
605 871 734 926 pedes
767 871 875 912 iacet
907 870 1075 925 animal,
1110 870 1228 912 cuius
1262 873 1389 924 caput
1420 882 1522 911 casu
1555 869 1734 923 quodam
1768 869 1925 911 infelici
1969 869 2197 912 defractum
2230 876 2317 923 est,
2361 884 2508 913 canem

127 953 171 991 ut
205 948 412 990 coniiccre
444 948 542 990 licet
574 952 918 1004 repraesentans,
952 948 1023 1002 qui
1055 960 1183 1002 saepe
1216 946 1397 988 Dianam
1429 946 1613 988 muneris
1647 946 1737 988 eius
1770 945 1939 1000 insigne
1971 947 2198 989 comitatur.

310 1035 426 1077 Idem
459 1036 539 1078 hoc
570 1036 662 1078 loco
696 1036 799 1077 illud
832 1035 987 1077 animal
1020 1035 1262 1089 significare
1294 1034 1523 1076 verisimile
1555 1039 1641 1089 est,
1676 1048 1802 1089 quum
1836 1033 2005 1099 Cyrene
2036 1035 2245 1078 venationi
2278 1035 2420 1078 dedita
2452 1035 2507 1078 ad

128 1113 231 1155 deae
263 1113 475 1155 cohortem
507 1113 765 1169 pertinuerit.

311 1200 427 1241 Pone
469 1200 630 1254 figuras
662 1200 782 1241 modo
817 1200 1051 1254 descriptas
1084 1199 1184 1240 vitis
1217 1199 1491 1254 conspicitur,
1534 1205 1606 1241 aut
1639 1200 1873 1241 ornamenti
1914 1212 2044 1241 causa
2075 1199 2255 1250 adiecta,
2299 1206 2371 1242 aut
2403 1200 2505 1243 alle-

127 1276 315 1331 goricum
365 1276 571 1330 quendam
620 1289 788 1317 sensum
837 1276 1096 1330 exprimens,
1146 1276 1264 1316 euius
1314 1275 1417 1315 rami
1451 1275 1544 1316 uvis
1578 1276 1740 1316 onerati
1774 1275 1990 1317 mulierum
2038 1276 2252 1317 ambarum
2295 1277 2504 1332 capitibus

128 1354 353 1396 imminent.

316 1441 675 1484 Verisimillimum
710 1446 794 1491 est,
841 1441 997 1483 vitibus
1029 1441 1114 1483 illis
1147 1441 1284 1483 fructu
1323 1441 1526 1494 gravibus
1567 1441 1868 1483 abundantiam
1901 1455 1950 1482 ac
1983 1441 2260 1495 fertilitatem,
2301 1455 2382 1495 qua
2420 1447 2504 1484 tum

125 1519 244 1574 regio
278 1518 516 1575 Cyrenaica
547 1519 739 1574 florebat,
774 1524 845 1560 aut
877 1518 1104 1574 hospitium
1138 1517 1292 1575 Carpo,
1326 1518 1444 1560 cuius
1478 1518 1519 1559 in
1554 1519 1828 1574 inscriptione
1860 1518 2014 1560 mentio
2048 1519 2161 1562 facta
2195 1524 2269 1573 est,
2303 1519 2501 1561 tributum

128 1596 361 1651 significari
380 1595 426 1653 2).

311 1683 464 1725 Avium
504 1684 678 1725 duarum
711 1684 753 1725 in
788 1684 915 1725 ramis
949 1683 1181 1726 sedentium
1213 1685 1346 1725 forma
1380 1684 1503 1726 valde
1537 1684 1777 1725 oblitterata
1810 1689 1886 1725 est.
1950 1684 2039 1725 Iam
2073 1684 2180 1726 inter
2213 1684 2363 1738 varias,
2397 1698 2504 1738 quae

128 1759 179 1801 de
199 1758 461 1816 Cyrenarum
494 1760 658 1814 origine
690 1760 933 1802 ferebantur
964 1760 1144 1815 fabulas,
1178 1759 1415 1803 huiusmodi
1449 1761 1653 1815 quaedam
1686 1761 1798 1816 apud
1831 1760 2072 1803 Pachonem
2106 1761 2270 1815 legitur,
2303 1775 2327 1802 a
2361 1768 2503 1803 nostra

128 1842 171 1877 ut
203 1837 370 1877 videtur
402 1837 575 1877 materie
607 1850 690 1877 non
723 1850 896 1890 prorsus
929 1837 1078 1877 aliena.

313 1923 520 1964 Videntur
552 1924 689 1965 coloni
722 1923 879 1965 Graeci
911 1929 1079 1978 praeter
1110 1924 1272 1979 Libyas
1316 1925 1397 1965 loci
1436 1925 1592 1978 peritos
1633 1938 1803 1967 corvum
1844 1925 1991 1967 ducem
2031 1926 2162 1967 secuti
2201 1938 2313 1978 esse;
2355 1925 2425 1978 qui
2459 1938 2504 1966 re

128 2012 229 2041 vera
262 1999 416 2054 effecit,
450 2004 494 2041 ut
527 1999 581 2041 ad
613 2000 770 2041 fontem
803 2000 919 2041 illum
952 2005 1315 2042 commemoratum
1349 2002 1638 2043 consisterent.

113 2144 115 2147 ι
311 2085 502 2142 Apparet
534 2087 643 2130 hanc
674 2086 883 2141 fabulam,
927 2087 969 2129 id
1002 2088 1111 2142 quod
1144 2088 1187 2129 in
1219 2088 1432 2143 plerisque
1466 2095 1651 2131 veterum
1684 2090 1839 2131 fabulis
1873 2090 2103 2142 invenitur,
2147 2103 2169 2130 e
2207 2089 2389 2130 locorum
2432 2102 2505 2131 na-

129 2168 223 2204 tura
257 2169 451 2205 accurate
485 2165 709 2206 observata
742 2166 972 2220 profectam
1006 2178 1111 2207 esse.
1176 2164 1341 2208 Corvus
1375 2166 1484 2207 enim
1517 2167 1609 2208 sola
1642 2172 1731 2208 erat
1764 2167 1874 2222 avis,
1916 2180 2023 2221 quae
2055 2166 2138 2208 illis
2170 2166 2427 2221 temporibus
2461 2167 2504 2207 in

128 2241 292 2296 Libyae
325 2242 515 2295 partibus
549 2243 740 2283 arenosis
774 2242 1071 2297 reperiebatur,
1105 2242 1214 2283 unde
1247 2244 1429 2284 fortasse
1463 2244 1594 2298 repeti
1628 2249 1778 2298 potest,
1813 2244 1920 2286 hanc
1954 2257 2084 2297 avem,
2118 2243 2307 2296 quamvis
2340 2243 2506 2285 absona

128 2330 232 2359 voce
263 2319 465 2372 fuscoque
499 2320 553 2360 sit
587 2320 745 2372 colore,
786 2324 933 2374 postea
973 2319 1050 2360 deo
1089 2320 1278 2375 Apollini
1318 2321 1421 2361 artis
1465 2322 1651 2362 musicae
1684 2329 1858 2375 patrono
1893 2320 2165 2376 Cyrenaeque
2196 2320 2373 2360 amatori
2408 2333 2505 2361 con-

130 2398 336 2436 secratam
368 2409 474 2437 esse.
550 2394 766 2447 Quomodo
806 2396 909 2439 haec
952 2401 1096 2437 nostra
1134 2397 1391 2451 coniectura,
1435 2412 1536 2439 aves
1578 2398 1674 2439 illas
1708 2412 1858 2439 corvos
1891 2398 2040 2450 fuisse,
2084 2411 2175 2439 cum
2208 2397 2352 2438 fabula
2387 2398 2506 2439 cuius

131 2481 259 2524 supra
290 2472 539 2514 mentionem
565 2473 741 2516 fecimus
766 2477 939 2526 constet,
972 2473 1015 2515 in
1040 2473 1174 2515 medio
1201 2474 1518 2527 relinquendum
1543 2481 1616 2516 est.
1663 2474 1745 2517 Sed
1770 2480 1990 2528 antequam
2013 2474 2066 2514 ad
2092 2474 2229 2528 ipsum
2253 2488 2507 2515 marmorum

129 2551 339 2590 auctorem
383 2549 673 2605 exponendum
722 2550 987 2605 accedamus,
1042 2555 1239 2606 tempora-
1274 2551 1510 2594 definienda
1554 2558 1672 2603 sunt,
1717 2552 1867 2606 quibus
1908 2565 1974 2593 res
2023 2551 2065 2592 in
2108 2552 2387 2594 monumentis
2435 2566 2507 2594 ex-

129 2635 303 2678 pressae
346 2627 483 2669 factae
526 2627 621 2669 sint.
697 2626 792 2680 Qua
835 2642 879 2669 rc
928 2628 1103 2683 permoti
1157 2628 1199 2669 in
1251 2628 1430 2671 historia
1472 2628 1734 2686 Cyrenaicae
1783 2627 1999 2671 tractanda
2053 2627 2210 2670 diutius
2263 2630 2508 2672 commorati

130 2712 291 2756 sumus,
333 2710 610 2759 exponentes,
644 2719 724 2759 quo
757 2711 942 2761 tempore
975 2706 1112 2747 coloni
1145 2706 1303 2747 Graeci
1335 2706 1377 2747 in
1400 2706 1589 2748 Africam
1622 2706 1829 2760 venerint,
1862 2705 2103 2759 variamque
2130 2718 2272 2747 eorum
2296 2706 2507 2748 fortunam

130 2776 226 2819 inde
258 2780 312 2821 ab
345 2781 464 2824 initio
497 2796 629 2838 usque
661 2782 715 2824 ad
749 2783 960 2825 interitum
993 2783 1111 2825 urbis
1144 2789 1456 2839 persequentes.

129 2960 407 2970 *a

214 3085 237 3124 ¹)
258 3086 363 3127 Libya
383 3088 510 3128 Epaphi
533 3094 631 3130 atque
645 3091 843 3130 Cassiopeae
866 3090 931 3122 filia
952 3094 1013 3129 est,
1037 3100 1120 3130 quae
1144 3090 1333 3133 „desertae“
1362 3095 1461 3131 atque
1485 3087 1645 3129 „sitie11ti“
1668 3090 1718 3129 (ut
1729 3089 1864 3128 Vergilii
1876 3089 2062 3128 Lucanique
2083 3089 2193 3120 verbis
2215 3089 2355 3129 utamur)
2377 3090 2511 3123 Africae

261 3138 386 3178 regioni
408 3149 525 3172 nomen
547 3142 678 3174 dedisse
701 3142 825 3174 dicitur.

213 3188 237 3225 2)
259 3189 312 3219 Ad
341 3190 506 3222 donatoris
535 3202 651 3224 nomen
684 3194 761 3225 vitis
790 3195 844 3224 illa
872 3194 926 3225 vix
959 3194 1128 3225 referenda
1158 3194 1302 3234 videtur,
1335 3204 1412 3227 casu
1446 3194 1527 3225 enim
1556 3193 1674 3224 factum
1696 3200 1769 3224 esse
1798 3195 1926 3231 potest,
1948 3195 1984 3222 ut
2005 3192 2200 3223 monumenti
2222 3192 2371 3224 conditor
2393 3194 2511 3227 eodem

264 3241 393 3273 nomine
416 3246 578 3283 uteretur,
600 3255 664 3283 quo
688 3245 803 3276 Graeci
825 3245 963 3276 fructum
986 3245 1218 3284 significabant.
