2652 3503
426 706 508 753 De
540 703 848 762 provincia
881 668 1204 763 cyrenaica
1236 704 1297 752 et
1327 704 1684 761 praesertim
1718 702 1790 750 de
1825 704 2067 762 cyrenis
2099 705 2264 753 urbe.

1621 929 1742 959 Swarm
1765 930 1939 968 populous,
1962 930 2169 961 unnumber’d
2190 941 2225 962 as
2247 931 2302 962 the
2326 931 2426 963 nands

1621 980 1666 1012 Of
1685 981 1798 1019 Barea,
1821 991 1858 1011 or
1879 981 2035 1021 Cyrene's
2057 982 2158 1013 torrid
2180 983 2250 1014 soil.

1754 1041 1895 1073 Milton’s
1917 1043 2072 1074 Paradise
2093 1043 2183 1074 Lost.
2225 1044 2318 1074 Book
2341 1045 2369 1083 2,
2393 1053 2422 1074 v.
2446 1044 2517 1075 903.

334 1148 584 1205 Cyrenaica,
618 1149 790 1190 Africae
823 1148 1165 1205 septentrionalis
1198 1148 1330 1203 regio,
1363 1148 1469 1190 fines
1501 1147 1628 1190 habet
1659 1148 1714 1190 ab
1748 1153 1841 1190 ortu
1875 1148 1979 1190 solis
2007 1148 2310 1198 Marmaricam,
2343 1150 2397 1191 ab
2430 1149 2541 1191 occi-

148 1226 273 1268 dente
306 1224 537 1282 Syrticam;
579 1239 679 1281 pars
713 1226 803 1268 eius
837 1225 1180 1281 septentrionalis
1213 1239 1330 1267 mare
1360 1225 1540 1267 interum
1573 1225 1766 1280 attingit,
1799 1225 2001 1267 australis
2033 1226 2088 1267 ad
2110 1225 2319 1268 desertum
2332 1226 2539 1282 Libycum

149 1307 325 1359 spectat,
360 1303 471 1358 quod
503 1316 613 1345 nunc
637 1302 801 1345 Sahara
833 1304 1082 1359 appellatur.
1131 1302 1236 1355 Situ,
1271 1302 1386 1345 coelo
1420 1303 1614 1358 omnique
1646 1307 1797 1345 natura
1829 1302 1911 1345 loci
1944 1302 2050 1346 11300
2083 1303 2201 1358 regio
2226 1303 2335 1346 inter
2358 1304 2538 1346 omnium

147 1385 354 1421 terrarum
386 1381 656 1421 beatissimas
688 1381 899 1421 numerari
937 1385 1092 1436 potest:
1142 1380 1331 1422 modicae
1371 1380 1606 1422 altitudinis
1651 1380 1849 1435 planities
1893 1385 2056 1435 partem
2095 1380 2185 1422 eius
2226 1379 2403 1422 mediam
2444 1394 2538 1422 con-

146 1458 295 1510 stituit,
330 1458 420 1498 eius
445 1471 543 1498 orae
562 1458 718 1498 littoris
739 1457 856 1498 sinus
871 1457 1139 1510 comitantur,
1173 1457 1227 1498 ad
1245 1456 1356 1511 quod
1380 1470 1456 1511 per
1487 1456 1647 1510 gradus
1681 1456 1968 1510 descenditur3
2002 1462 2042 1498 01
2075 1470 2124 1498 ea
2158 1456 2363 1499 viridibus
2396 1456 2538 1499 herbis

148 1538 295 1588 operta
326 1533 557 1587 florumque
588 1534 800 1575 uberrima
833 1527 955 1589 c'opia
987 1533 1197 1587 distincta,
1232 1533 1521 1588 frequentibus
1553 1533 1674 1588 aquis
1708 1533 1896 1588 irrigata,
1931 1532 2104 1576 marinis
2130 1533 2268 1576 ventis
2292 1538 2536 1590 temperata,

148 1615 274 1663 atque
307 1612 508 1651 montium
541 1612 641 1664 iugo
674 1612 729 1652 ab
762 1612 895 1652 austri
927 1612 1097 1652 flatibus
1130 1611 1262 1651 aridis
1296 1611 1481 1652 defensa.

333 1685 505 1729 Gradus
539 1686 691 1729 montis
724 1701 800 1742 pro
833 1687 951 1728 vario
991 1687 1107 1729 03010
1138 1687 1280 1728 varios
1309 1687 1543 1741 gignebant
1580 1686 1719 1737 flores,
1762 1687 1889 1739 olera,
1931 1688 2116 1739 fructus3
2165 1700 2430 1741 messemque
2462 1701 2538 1742 per

149 1768 242 1804 octo
275 1777 441 1805 menses
475 1764 776 1817 producebant.

333 1840 435 1881 Alta
466 1841 540 1880 illa
565 1840 775 1894 planities,
810 1853 933 1893 quam
967 1840 1162 1892 diximus,
1196 1840 1468 1893 septuaginta
1490 1840 1558 1880 vel
1585 1840 1802 1892 octoginta
1827 1840 2003 1879 millium
2028 1839 2249 1880 latitudine
2281 1839 2389 1880 inter
2421 1853 2537 1880 mare

148 1921 273 1969 atque
305 1916 398 1957 loca
430 1920 554 1957 vasta
587 1920 780 1970 porrecta
813 1916 856 1957 in
888 1915 975 1957 illis
1008 1920 1169 1957 tantum
1210 1916 1424 1971 partibus,
1466 1929 1573 1969 quae
1616 1915 1671 1956 ad
1704 1916 2011 1970 septentriones
2045 1921 2169 1969 atque
2202 1929 2397 1957 occasum
2432 1916 2537 1957 solis

148 1997 353 2046 spectant,
387 2005 543 2045 magna
574 1993 660 2044 illa,
703 1992 754 2033 dc
797 2006 880 2045 qua
913 1992 1108 2044 diximus,
1158 1992 1368 2033 fructuum
1410 1993 1531 2047 copia
1564 1992 1762 2043 abundat,
1810 2006 1984 2046 quorum
2016 1997 2132 2033 tanta
2165 1998 2227 2034 est
2259 1993 2443 2045 ubertas,
2490 1998 2536 2034 ut

147 2069 305 2111 nostris
338 2069 464 2111 etiam
497 2071 755 2124 temporibus
788 2070 894 2111 11300
925 2071 1044 2123 regio
1083 2070 1225 2122 „Iebel
1258 2070 1420 2111 akdar“
1458 2070 1482 2110 i.
1516 2083 1549 2111 e.
1582 2083 1701 2111 mons
1734 2070 1895 2121 viridis,
1928 2070 2173 2124 appelletur.

333 2146 618 2189 Numerantur
650 2146 759 2188 inter
791 2161 859 2201 03,
904 2161 1010 2199 (11130
1043 2146 1149 2188 11300
1180 2151 1294 2187 terra
1333 2147 1486 2200 gignit,
1529 2148 1793 2199 frumentum,
1838 2148 1985 2200 oleum,
2026 2148 2179 2200 vinum,
2213 2147 2400 2187 cuiusvis
2433 2159 2537 2200 gen-

150 2223 235 2266 eris
274 2224 447 2278 fructus,
487 2223 569 2277 fici,
603 2223 868 2280 amygdalae,
903 2223 1029 2273 01013,
1065 2238 1319 2277 cucumeres,
1364 2225 1533 2275 buxum,
1574 2238 1735 2269 crocus.
1780 2224 1931 2277 quibus
1964 2238 1986 2265 e
2018 2224 2189 2264 floribus
2232 2224 2383 2264 odores
2416 2238 2539 2279 prae-

150 2300 404 2343 stantissimi
436 2300 795 2355 excoquebantur,
830 2305 871 2343 et
904 2299 1069 2355 quidem
1094 2301 1240 2355 planta
1264 2302 1483 2343 rarissima
1516 2301 1720 2355 quaedam
1753 2302 1875 2343 huius
1908 2301 2093 2354 regionis
2119 2301 2302 2355 propria,
2336 2287 2537 2343 maxime-

151 2390 232 2429 que
271 2378 384 2432 apud
417 2383 581 2419 veteres
615 2378 845 2431 celebrata,
889 2377 1174 2433 laserpitium,
1216 2378 1326 2432 quod
1356 2377 1513 2421 Gracci
1551 2381 1732 2434 σίλφιον
1764 2378 2045 2433 appellabant.
2094 2375 2229 2419 Sueus
2272 2377 2363 2419 eius
2409 2375 2540 2434 (ὀπὸς

152 2454 435 2511 Κυρηναῖος),
467 2469 589 2507 (1110111
620 2455 735 2496 laser
767 2455 987 2505 vocabant,
1020 2468 1045 2493 a
1078 2456 1293 2496 veteribus
1326 2456 1499 2495 medicis
1532 2456 1702 2494 maximi
1736 2439 2046 2494 aestimabatur.

336 2528 431 2582 Qua
463 2545 516 2573 ex
549 2531 694 2586 planta
728 2531 903 2572 colenda
934 2536 1060 2584 atque
1091 2531 1313 2573 vendenda
1346 2545 1438 2573 cum
1472 2533 1678 2573 maximus
1712 2536 1909 2584 quaestus
1942 2530 2070 2581 fieret,
2104 2530 2283 2571 nummis
2318 2529 2537 2585 Cyrenen-

153 2606 272 2649 sibus
307 2620 357 2649 03
389 2608 717 2663 imprimebatur.
733 2606 763 2665 1)

334 2684 563 2727 Praeterea
602 2690 715 2727 terra
753 2685 859 2727 haec
897 2685 1075 2727 celebris
1124 2690 1215 2727 erat
1252 2686 1388 2740 melle,
1430 2686 1569 2740 equis,
1612 2684 1973 2728 struthiocamclis.
2037 2683 2103 2725 Ne
2148 2688 2288 2725 tamen
2332 2684 2376 2725 in
2419 2689 2540 2727 tanta

152 2765 328 2802 naturae
367 2762 631 2816 benignitate
673 2762 839 2805 omnino
879 2762 1152 2804 incommodis
1192 2768 1381 2817 vacaret,
1424 2763 1710 2818 frequentibus
1749 2762 2003 2803 locustarum
2046 2761 2391 2816 populationibus
2432 2761 2541 2805 haec

151 2836 270 2890 regio
289 2837 474 2879 obnoxia
492 2839 589 2893 fuit;
623 2840 908 2894 hominesque,
942 2846 987 2881 ut
1005 2840 1063 2894 fit,
1098 2841 1284 2903 omnium
1295 2854 1435 2883 rcrum
1457 2839 1713 2882 abundantia
1732 2838 1907 2880 fruendo
1940 2838 1983 2879 in
2006 2838 2224 2880 mollitiem
2245 2838 2411 2894 delapsi
2428 2846 2539 2883 sunt.

237 3076 260 3114 ¹)
283 3076 369 3106 Haec
402 3077 521 3114 planta,
549 3078 640 3108 cuius
673 3079 768 3116 eopia
797 3077 921 3115 imperii
951 3077 1084 3107 Romani
1111 3077 1312 3115 temporibus
1342 3077 1473 3107 diminui
1503 3076 1626 3114 eoepit,
1659 3075 1765 3113 hodie,
1795 3078 1832 3104 ut
1854 3075 1984 3104 tradunt
2005 3074 2099 3105 Deua
2121 3074 2211 3106 Cella
2233 3077 2267 3106 et
2288 3074 2417 3116 Pantho,
2441 3085 2541 3118 quam

281 3126 416 3160 maxime
440 3126 592 3160 abundat.

336 3180 437 3210 Vide:
460 3180 554 3210 Della
577 3181 682 3219 Cella,
705 3182 846 3220 Viaggio
870 3181 912 3210 da
933 3181 1057 3219 Tripoli
1080 3180 1112 3210 di
1134 3180 1291 3211 Barberia
1312 3181 1373 3211 3110
1396 3179 1548 3210 frontiere
1572 3179 1763 3209 occidentali
1786 3178 1859 3210 dell’
1883 3178 1995 3218 Egitto
2018 3177 2100 3209 fatto
2123 3178 2174 3209 nel
2199 3177 2287 3209 1817.
