2652 3503
145 232 260 291 quod
290 229 467 272 eandem
492 229 650 284 urbem,
684 242 810 284 quam
834 229 908 271 illc
933 228 1166 291 ornandam
1192 228 1277 271 sibi
1304 233 1554 284 sumpserat,
1588 228 1831 272 celebraret.
1889 229 1928 272 E
1966 229 2103 286 prima
2131 229 2332 273 carminis
2367 230 2548 287 stropha

148 308 363 362 discimus,
395 306 564 349 tertiam
596 306 712 349 orbis
745 310 909 362 partem
947 304 1143 362 Cyrenae
1180 305 1455 347 habitandam
1494 305 1635 347 datam
1673 320 1787 360 esse3
1830 307 1875 348 in
1914 307 2037 350 titulo
2080 320 2181 350 vero
2221 307 2335 349 infra
2372 308 2544 362 signum

148 384 287 442 posito
314 383 458 439 Libya
500 383 739 438 appellatur
772 384 966 441 ἠπείρων
995 383 1188 438 τρισσὸν
1217 383 1383 441 ἔχουσα
1413 384 1537 434 κλέος
1568 382 1612 424 id
1644 388 1721 436 est,
1754 383 1880 424 trium
1912 388 2120 427 terrarum
2151 384 2335 439 gloriam
2367 383 2545 426 habens.

148 462 219 504 Ex
250 459 318 501 his
350 459 495 501 verbis
534 459 579 500 in
608 454 795 501 'eundem
826 460 916 501 fere
958 472 1130 501 sensum
1173 458 1502 512 congruentibus
1547 464 1744 514 apparet,
1786 460 2041 502 monumenti
2073 460 2330 516 sculptorem
2362 459 2545 502 Pindari

148 549 319 580 carmen
351 548 436 578 non
467 535 701 590 ignorasse.
766 535 953 579 Graecia
984 535 1107 589 enim,
1140 535 1402 589 Macedonia,
1435 535 1719 590 finitimaeque
1750 540 1888 578 terrae
1919 542 2006 579 tum
2038 538 2234 591 cognitae
2266 551 2394 579 unam
2426 537 2547 579 orbis

151 617 331 672 partem,
372 625 497 667 quam
527 611 745 669 Europam
776 612 1013 667 vocabant,
1063 612 1394 666 constituebant,
1439 610 1583 669 Syria,
1627 611 1846 666 Armenia,
1885 612 2209 670 Mesopotamia,
2258 612 2367 657 Asia
2407 613 2548 657 minor

151 704 244 733 cum
274 690 400 731 terris
432 690 723 732 adiacentibus
755 690 829 731 illo
861 695 1048 745 tempore
1080 690 1305 745 compertis
1322 689 1472 731 Asiam
1504 690 1758 744 efficiebant3
1792 689 1961 731 tertium
1993 690 2169 746 denique
2201 691 2339 733 locum
2370 690 2547 734 tenebat

150 767 304 823 Libya,
338 767 432 809 sola
464 766 637 809 Africae
669 781 771 823 pars
804 767 1018 809 veteribus
1052 767 1245 821 cognita3
1279 767 1505 822 Aegyptus
1539 768 1649 808 enim
1680 767 1813 808 Asiae
1845 767 1984 822 potius
2016 768 2379 810 adnumerabatur.

334 844 430 886 Hoc
462 844 610 898 igitur,
654 848 699 886 ut
741 844 889 900 paucis
932 837 1293 900 complectamur,
1321 858 1429 898 quae
1448 858 1590 899 ¹supra
1622 844 1953 899 disputavimus,
1994 844 2241 887 testimoniis
2273 845 2357 886 fide
2399 845 2546 899 dignis

151 921 380 975 diligenter
418 921 669 976 exploratis,
709 921 994 976 temporisque
1026 934 1107 976 quo
1140 921 1267 975 signa
1299 921 1374 962 illa
1405 921 1519 963 facta
1552 934 1646 963 esse
1679 921 1909 962 verisimile
1942 925 2007 963 est
2039 921 2199 964 ratione
2229 922 2394 975 habita,
2436 922 2544 964 effici

153 998 277 1040 nobis
310 998 498 1052 videtur,
532 998 840 1054 Amphionem,
875 998 993 1041 cuius
1025 1003 1213 1054 tempore
1246 997 1428 1041 Veneris
1460 998 1602 1040 fanum
1635 997 1719 1039 iam
1752 997 1914 1053 pridem
1941 997 2092 1050 stabat,
2126 1003 2373 1053 prostypum
2402 998 2547 1053 sculp-

153 1076 284 1128 sisse,
327 1075 437 1129 quod
476 1075 568 1116 sine
609 1075 736 1116 dubio
769 1075 968 1116 eximium
999 1075 1043 1115 in
1075 1074 1149 1116 illo
1181 1075 1321 1116 locum
1353 1074 1578 1116 obtinebat.

338 1380 390 1422 In
421 1380 660 1422 Annalibus
693 1381 883 1422 Instituti
915 1381 1245 1435 archaeologici,
1290 1382 1362 1435 qui
1395 1382 1574 1423 Parisiis
1615 1381 1842 1435 prodeunt,
1876 1381 1992 1421 edita
2031 1385 2096 1421 est
2126 1381 2270 1421 tabula
2301 1381 2543 1435 Apollinem

152 1455 372 1511 exhibens,
407 1456 478 1511 qui
511 1455 709 1513 Cyrenen
741 1457 785 1499 in
818 1471 943 1500 curru
975 1457 1138 1500 duobus
1180 1458 1332 1514 cygnis
1365 1458 1506 1501 iuncto
1545 1458 1729 1499 abducit.
1793 1457 1931 1498 Docta
1970 1456 2199 1511 disputatio
2237 1457 2333 1498 huic
2371 1457 2544 1498 tabulae

153 1532 352 1573 adiuncta
383 1533 438 1573 ad
471 1537 630 1574 certum
661 1534 785 1575 finem
817 1546 901 1575 non
933 1534 1137 1590 pervenit.
1201 1533 1248 1577 Si
1279 1534 1385 1577 fides
1418 1533 1611 1576 habenda
1645 1537 1709 1576 est
1741 1533 1929 1586 fabulae,
1973 1532 2213 1588 Apollinem
2256 1537 2395 1588 spreto
2440 1530 2544 1575 Chi-

153 1610 270 1650 ronis
304 1610 500 1664 consilio,
545 1610 741 1666 Cyrenen
774 1611 817 1651 vi
850 1611 1109 1666 abripuisse,
1152 1611 1387 1652 mirandum
1419 1616 1484 1652 est
1515 1610 1723 1664 virginem
1756 1609 1799 1650 in
1832 1609 1913 1651 hac
1945 1609 2083 1664 effigie
2115 1609 2173 1650 ita
2205 1623 2250 1650 sc
2281 1622 2451 1663 gerere,
2496 1613 2544 1650 ut

152 1683 367 1739 Apollinis
400 1686 574 1741 impetui
606 1701 659 1728 ne
692 1687 905 1728 minimum
938 1688 1105 1741 quidem
1135 1689 1334 1730 resistere
1362 1688 1574 1740 videatur3
1608 1687 1651 1728 id
1683 1687 1794 1740 quod
1826 1687 1994 1728 omnino
2028 1686 2207 1741 exprimi
2238 1686 2469 1741 oportebat,
2503 1686 2543 1727 si

150 1761 308 1803 artifex
340 1762 425 1804 vim
457 1763 511 1804 ab
543 1763 743 1818 Apolline
775 1763 934 1818 virgini
965 1764 1127 1806 illatam
1159 1778 1266 1819 esse,
1300 1770 1390 1806 erat
1423 1764 1752 1818 significaturus.
1800 1764 1851 1806 In
1884 1764 1982 1806 aliis
2016 1768 2129 1806 certe
2160 1763 2342 1806 eiusdem
2368 1763 2546 1817 generis

153 1837 310 1892 signis,
355 1843 401 1880 ut
439 1840 483 1880 in
521 1840 734 1894 virginum
776 1839 1028 1883 Sabinarum
1066 1846 1208 1896 raptu,
1248 1842 1467 1883 mulierum
1505 1841 1799 1883 reluctantium
1839 1845 1976 1882 motus
2016 1845 2160 1895 aperte
2200 1840 2390 1895 expressi
2431 1844 2544 1882 sunt.

153 1915 205 1956 In
237 1915 318 1957 hac
350 1916 488 1970 effigie
519 1921 681 1958 tantum
714 1918 846 1972 abest,
879 1923 925 1960 ut
956 1918 1079 1973 virgo
1113 1918 1190 1960 deo
1224 1919 1408 1971 resistat,
1441 1922 1486 1960 ut
1519 1918 1609 1960 eius
1642 1917 1928 1960 blandimenta
1961 1917 2136 1960 reddere
2168 1916 2365 1959 videatur.
