2652 3503
1223 101 1466 143 ..18—

334 237 431 290 Qua
462 238 506 280 in
539 251 585 281 re
616 237 839 280 tractanda
856 251 940 280 non
958 238 1195 294 opiniones,
1226 238 1302 281 sed
1334 252 1403 281 res
1436 242 1584 292 gestae
1601 237 1724 279 nobis
1752 238 1995 294 propositae
2022 242 2129 280 sunt.
2175 238 2541 282 Monumentorum

146 315 257 356 enim
289 316 476 370 vestigia
516 320 631 358 certa
673 315 879 370 praebent
916 315 1157 357 testimonia
1199 316 1399 369 eiusdem,
1434 328 1558 369 quam
1590 314 1721 368 longa
1753 315 2007 370 scriptorum
2048 315 2180 357 series
2212 316 2336 358 nobis
2367 315 2541 358 tradidit

146 391 327 433 fabulae.
376 391 468 433 Iam
500 390 606 433 artis
639 391 839 446 antiquae
872 391 996 447 periti
1029 395 1111 445 est,
1147 391 1390 447 explorare,
1424 405 1505 446 quo
1538 396 1725 446 tempore
1758 396 1925 435 statuae
1956 393 2055 435 illae
2084 392 2291 446 sculptae,
2325 405 2406 447 quo
2439 398 2540 436 tem-

146 481 248 522 pore
280 468 438 522 templa
470 468 546 509 illa
579 468 803 508 aedificata
836 468 941 521 sint,
986 468 1094 508 inter
1127 480 1302 521 quorum
1335 467 1519 520 vestigia
1550 466 1713 520 figurae
1746 467 1845 509 illae
1878 474 2069 525 repertae
2102 473 2218 523 sunt,
2263 468 2417 524 quique
2448 469 2540 512 illa-

145 558 236 586 rum
270 549 464 586 auctores
497 545 664 586 fuerint.

330 621 387 664 Et
426 621 606 677 primum
648 621 828 676 quidem,
873 621 983 676 quod
1026 621 1080 663 ad
1112 621 1296 665 Veneris
1337 622 1481 676 templi
1514 627 1694 663 aetatem
1726 622 1889 676 attinet,
1933 625 1976 664 in
2016 638 2116 678 quo,
2160 630 2205 665 ut
2237 638 2289 665 ex
2321 625 2540 679 permultis

145 698 326 742 Veneris
360 698 498 754 signis
532 698 687 742 ibidem
720 699 901 755 repertis
935 699 1082 755 liquet,
1116 704 1367 756 prostypum
1399 704 1588 742 nostrum
1616 699 1798 755 positum
1822 715 1918 743 esse
1940 701 2126 755 videtur,
2159 708 2381 744 occurrunt
2405 702 2539 758 nobis,

145 791 253 832 quae
287 777 530 820 Bocckhius
563 777 617 819 ad
650 777 774 819 Pind.
807 776 933 834 Pyth.
968 777 1019 819 V.
1054 779 1122 819 22.
1157 776 1245 834 (ubi
1281 782 1421 829 κᾶπος
1446 778 1712 833 ’.Ιφροδίτας
1744 778 2106 837 commemoratur)
2139 780 2375 822 adnotavit:

336 856 458 909 „Duo
492 860 591 897 sunt
614 855 800 897 Venerei
833 854 1016 911 Cyrenis
1050 855 1187 897 cultus
1221 855 1427 909 vestigia,
1461 855 1639 897 alterum
1674 854 1784 909 quod
1809 854 1956 898 Venus
1981 856 2220 912 Apollinem
2253 861 2294 898 et
2327 856 2539 913 Cyrenam

149 933 405 989 „nympham
439 933 481 974 in
515 933 699 989 Libyam
743 932 962 975 venientes
1003 932 1061 973 ibi
1102 932 1261 987 recepit
1295 931 1437 990 (Pyth.
1471 932 1547 973 IX.
1584 930 1651 988 9.),
1694 932 1873 974 alterum
1906 934 2017 987 quod
2050 934 2209 977 Ladicc
2242 938 2422 977 statuam
2455 934 2538 977 Ve-

149 1011 289 1063 „neris
323 1010 502 1064 dicavit,
538 1023 646 1064 quae
679 1010 842 1051 vultum
875 1014 995 1051 extra
1029 1008 1293 1064 Cyrenarum
1327 1010 1470 1050 urbem
1504 1022 1752 1050 conversum
1786 1009 1932 1051 habuit
1966 1009 2139 1067 (Herod.
2173 1012 2227 1053 ΙΙ.
2266 1010 2387 1068 181);
2428 1011 2539 1053 unde

150 1087 300 1140 „simul
333 1087 552 1141 intelligas
585 1087 770 1129 Veneris
804 1087 1022 1128 delubrum
1055 1087 1097 1126 in
1132 1091 1320 1127 extrema
1353 1086 1470 1127 urbis
1503 1091 1623 1141 parte
1655 1086 1807 1140 fuisse,
1852 1087 1918 1128 vel
1960 1087 2071 1129 intra
2114 1088 2296 1142 moenia,
2341 1088 2409 1130 vel
2442 1093 2540 1130 ante

150 1165 334 1218 „urben1‚
369 1165 441 1206 ubi
475 1165 659 1206 Veneris
692 1164 850 1218 templa
884 1164 1006 1207 condi
1038 1163 1167 1204 moris
1200 1163 1314 1217 apud
1347 1163 1538 1205 Graecos
1571 1164 1687 1204 fuit.“

329 1241 398 1284 Ex
431 1240 639 1283 Herodoti
673 1241 766 1283 loco
800 1240 884 1282 iam
914 1240 1121 1282 Amaseos
1154 1240 1414 1296 temporibus
1440 1239 1620 1282 Veneris
1654 1240 1853 1296 templum
1887 1239 2070 1296 Cyrenis
2105 1243 2320 1285 exstitisse
2351 1248 2538 1298 apparet.

143 1318 262 1361 Idem
301 1319 503 1374 templum
545 1319 674 1360 multo
716 1318 950 1374 posteriore
988 1322 1173 1373 tempore
1215 1332 1240 1358 a
1279 1317 1431 1359 Plauto
1471 1317 1512 1358 in
1553 1316 1747 1359 Rudente
1781 1319 2096 1361 commemorari
2144 1319 2329 1362 videtur:
2373 1334 2467 1362 nam
2516 1334 2538 1364 e

144 1410 182 1437 v.
217 1399 274 1437 34
308 1396 434 1437 huius
467 1396 708 1437 comoediae
753 1410 846 1436 cum
880 1410 916 1436 y.
953 1398 1005 1436 61
1043 1396 1195 1436 collato
1239 1399 1438 1450 apparet,
1488 1394 1567 1436 hoc
1616 1395 1758 1436 fanum
1800 1399 1922 1435 extra
1965 1396 2109 1437 urbem
2141 1396 2284 1438 fuisse.
2346 1396 2538 1452 Denique

144 1473 187 1515 in
238 1472 425 1515 eiusdem
480 1473 573 1515 sine
622 1473 749 1514 dubio
801 1472 947 1527 templi
996 1473 1192 1526 vestigiis
1242 1472 1386 1513 tabula
1436 1476 1581 1513 nostra
1629 1477 1794 1526 reperta
1853 1477 1927 1513 est.
2008 1471 2090 1513 Sed
2138 1473 2217 1514 1100
2277 1475 2537 1528 praeclarum

145 1555 396 1606 prostypum
430 1563 694 1604 nequaquam
728 1563 781 1592 ex
815 1563 863 1591 eo
897 1562 1001 1591 aevo
1035 1548 1088 1590 ad
1121 1562 1198 1590 nos
1232 1548 1499 1604 pervenisse,
1534 1548 1576 1589 in
1610 1562 1691 1602 quo
1725 1549 1924 1603 templum
1958 1554 2216 1592 exstructum
2249 1564 2344 1592 esse
2375 1551 2537 1606 accepi-

144 1640 250 1681 mus,
283 1641 404 1669 nemo
439 1632 515 1681 est,
550 1627 621 1681 qui
656 1641 738 1668 11011
772 1631 989 1681 agnoscat.

329 1703 386 1746 Et
419 1704 503 1745 nisi
537 1704 714 1745 artificis
748 1717 898 1746 nomen
933 1704 1100 1745 0111111110
1134 1703 1175 1744 111
1210 1703 1345 1745 medio
1378 1703 1697 1758 relinquendum
1737 1708 1820 1758 cst,
1862 1703 1916 1745 ad
1949 1703 1991 1746 id
2024 1708 2207 1759 tempus,
2241 1717 2321 1759 quo
2353 1704 2537 1748 Graeco-

144 1795 234 1823 rum
267 1795 339 1823 ars
374 1795 499 1835 quam
532 1782 714 1823 maxime
746 1782 947 1835 florebat,
989 1794 1065 1821 nos
1099 1782 1384 1835 conferamus,
1425 1786 1721 1835 auctoremque
1754 1781 1862 1822 inter
1895 1781 1985 1823 eius
2019 1781 2113 1822 aevi
2146 1781 2379 1836 sculptores
2413 1796 2536 1837 quae-

142 1873 284 1900 ramus
338 1872 513 1912 necesse
555 1864 631 1900 est.
708 1858 829 1910 Quae
871 1872 996 1913 quum
1038 1859 1096 1899 ita
1136 1858 1241 1909 sint,
1281 1858 1372 1899 fieri
1412 1870 1494 1898 11011
1538 1862 1687 1912 potest,
1729 1857 1829 1911 quin
1877 1857 2060 1913 Amphio
2104 1858 2225 1900 nobis
2265 1859 2306 1900 in
2355 1860 2536 1902 animum

144 1936 306 1989 veniat,
351 1936 470 1978 cuius
514 1936 720 1990 magister
764 1935 925 1977 Critius
969 1935 1066 1977 inde
1098 1936 1151 1976 ab
1186 1935 1441 1991 Olympiade
1473 1934 1654 1976 LXXV.
1687 1948 1820 1989 usque
1852 1935 1906 1976 ad
1940 1935 2119 1977 Phidiae
2157 1940 2321 1990 tempus
2360 1937 2384 1977 i.
2417 1950 2449 1979 0.
2482 1937 2536 1978 ad

144 2012 443 2069 Olympiadem
484 2013 737 2055 LXXXIII.
783 2013 900 2053 vixit.
944 2012 1068 2054 Critii
1092 2010 1122 2067 ¹)
1168 2012 1298 2065 igitur
1331 2025 1622 2064 successores,
1667 2012 1737 2065 qui
1780 2012 1996 2065 aliquanto
2037 2016 2132 2066 post
2166 2012 2342 2054 Phidiae
2373 2018 2536 2068 tempus

141 2089 371 2133 floruerunt
421 2090 722 2146 proximaeque
763 2090 903 2145 potius
948 2090 1075 2132 aetati
1120 2094 1216 2131 sunt
1260 2089 1541 2143 adscribendi,
1586 2088 1710 2131 Critii
1753 2089 1910 2143 mag-is,
1955 2088 2064 2131 unde
2109 2089 2368 2144 pendebant,
2413 2104 2535 2145 quam

144 2168 326 2210 Phidiae
357 2172 491 2210 artem
524 2168 660 2211 secuti
694 2173 802 2210 sunt.
868 2167 1107 2209 Pausanias
1141 2167 1270 2209 tradit
1285 2165 1336 2223 ²),
1376 2167 1654 2222 Amphionem
1687 2181 1712 2208 a
1746 2166 1912 2210 Gnosso
1947 2166 2100 2209 Cretae
2132 2167 2286 2222 oppido
2320 2167 2536 2210 oriundum

142 2245 295 2299 fuisse,
346 2245 519 2300 eiusque
569 2251 730 2301 patrem
781 2245 1029 2287 Acestorcm
1077 2245 1266 2287 Alexibii
1307 2244 1566 2286 Heracensis
1608 2244 1815 2300 pentathli
1856 2244 2028 2287 victoris
2072 2247 2253 2285 statuam
2295 2245 2535 2300 sculpsisse.

142 2322 269 2365 Hunc
287 2321 570 2378 Amphionem
602 2322 773 2365 tabulae
806 2328 976 2365 nostrae
1009 2327 1221 2365 auctorem
1256 2322 1401 2375 fuisse,
1435 2322 1669 2365 clarissime
1702 2327 1878 2378 apparet
1912 2337 1964 2365 ex
1996 2322 2062 2375 iis,
2097 2335 2204 2375 quae
2236 2321 2288 2364 dc
2310 2322 2393 2364 alio
2427 2323 2535 2365 eius-

144 2400 238 2440 dem
271 2400 448 2442 artificis
482 2414 609 2455 opere
642 2401 765 2442 nobis
798 2400 956 2442 tradita
989 2405 1096 2442 sunt.

330 2476 509 2519 Constat
542 2477 652 2518 enim
686 2491 709 2518 e
742 2477 980 2531 Pausania,
1026 2476 1305 2531 Amphionem
1350 2475 1501 2517 donum
1534 2491 1559 2517 a
1592 2476 1909 2532 Cyrenensibus
1955 2477 1997 2518 in
2038 2474 2192 2530 templo
2226 2475 2431 2531 Delphico
2465 2491 2536 2533 po-

143 2554 269 2596 situm
302 2554 480 2608 fecisse,
525 2554 693 2596 Battum
733 2554 895 2596 scilicet
935 2554 1124 2598 coloniae
1168 2553 1425 2596 conditorem
1457 2569 1482 2595 a.
1515 2554 1653 2610 Libya
1688 2559 1948 2602 coronatum,
1983 2554 2025 2595 111
2059 2553 2278 2607 quadrigis
2312 2554 2535 2609 sedentem,

144 2630 315 2687 Cyrena
349 2645 516 2674 currum
549 2637 735 2686 regente.
787 2632 877 2674 Iam
911 2632 1128 2686 utriusque
1162 2632 1303 2686 operis
1335 2632 1496 2686 figurae
1530 2632 1708 2674 similem
1742 2632 1784 2673 in
1817 2632 2000 2688 speciem
2034 2631 2337 2687 conformatae,
2382 2637 2535 2674 utrum-

143 2723 223 2765 que
257 2723 363 2765 opus
396 2709 552 2765 templo
586 2715 897 2764 consecratum,
931 2710 1188 2764 gravissima
1222 2714 1319 2752 sunt
1351 2714 1617 2765 argumenta,
1657 2715 1701 2752 ut
1735 2714 1981 2765 statuamus,
2013 2708 2199 2751 tabulam
2232 2709 2353 2751 nobis
2386 2723 2537 2767 propo-

142 2788 268 2830 sitam
301 2787 355 2830 ab
388 2786 641 2844 Amphionis
675 2788 870 2831 manibus
904 2802 998 2831 esse
1033 2789 1277 2831 confectam.

271 3004 295 3043 ¹)
324 3005 351 3035 E
374 3004 537 3035 Pausania
560 3012 670 3035 omnes
693 3003 784 3035 Critii
807 3004 986 3044 discipulos
1010 3004 1253 3045 cognoscimus:
2023 3022 2043 3052 θ

884 3057 1051 3088 Ptolichus
1074 3058 1156 3088 vixit
1179 3058 1263 3088 circa
1323 3081 1330 3088 .
1374 3081 1381 3088 .
1424 3081 1432 3088 .
1476 3058 1523 3089 01.
1566 3057 1616 3088 82.
1981 3064 1983 3066 '

882 3109 1022 3148 Amphio
1061 3132 1429 3140 ........
1473 3110 1520 3141 Ol.
1564 3110 1615 3140 88.

886 3161 964 3192 Piso
1007 3185 1428 3193 .........
1472 3162 1519 3193 Ol.
1564 3162 1613 3192 93.

886 3213 1094 3244 Democritus
1117 3236 1434 3244 .......
1477 3213 1523 3244 Ol.
1548 3213 1616 3243 100.

268 3263 294 3302 5¹)
317 3262 495 3293 Pausanias
518 3262 559 3292 X.
583 3263 630 3300 15,
652 3263 682 3294 4.
