<?xml version="1.0" encoding="UTF-8"?>
<!DOCTYPE html PUBLIC "-//W3C//DTD XHTML 1.0 Transitional//EN"
    "http://www.w3.org/TR/xhtml1/DTD/xhtml1-transitional.dtd">
<html xmlns="http://www.w3.org/1999/xhtml" xml:lang="en" lang="en">
 <head>
  <title>
</title>
<meta http-equiv="Content-Type" content="text/html;charset=utf-8" />
  <meta name='ocr-system' content='tesseract 3.04.00' />
  <meta name='ocr-capabilities' content='ocr_page ocr_carea ocr_par ocr_line ocrx_word'/>
</head>
<body>
  <div class='ocr_page' id='page_1' title='image "4769603_0027.png"; bbox 0 0 2652 3503; ppageno 0'>
   <div class='ocr_carea' id='block_1_1' title="bbox 1194 120 1437 160">
    <p class='ocr_par' dir='ltr' id='par_1_1' title="bbox 1194 120 1437 160">
     <span class='ocr_line' id='line_1_1' title="bbox 1194 120 1437 160; baseline -0.004 -11"><span class='ocrx_word' id='word_1_1' title='bbox 1194 120 1437 160; x_wconf 69' lang='lat'>—19-</span> 
     </span>
    </p>
   </div>
   <div class='ocr_carea' id='block_1_2' title="bbox 301 256 2511 314">
    <p class='ocr_par' dir='ltr' id='par_1_2' title="bbox 301 256 2511 314">
     <span class='ocr_line' id='line_1_2' title="bbox 301 256 2511 314; baseline -0.001 -13"><span class='ocrx_word' id='word_1_2' title='bbox 301 259 370 301; x_wconf 87' lang='lat' dir='ltr'>Ex</span> <span class='ocrx_word' id='word_1_3' title='bbox 403 259 679 314; x_wconf 79' lang='lat' dir='ltr'><strong>inscriptione</strong></span> <span class='ocrx_word' id='word_1_4' title='bbox 718 259 831 300; x_wconf 90' lang='lat' dir='ltr'>infra</span> <span class='ocrx_word' id='word_1_5' title='bbox 870 258 1032 312; x_wconf 90' lang='lat' dir='ltr'>figuras</span> <span class='ocrx_word' id='word_1_6' title='bbox 1072 258 1286 313; x_wconf 87' lang='lat' dir='ltr'>insculpta</span> <span class='ocrx_word' id='word_1_7' title='bbox 1318 256 1497 312; x_wconf 84' lang='lat' dir='ltr'>primum</span> <span class='ocrx_word' id='word_1_8' title='bbox 1540 257 1707 312; x_wconf 91' lang='lat' dir='ltr'>quidem</span> <span class='ocrx_word' id='word_1_9' title='bbox 1739 258 2047 312; x_wconf 90' lang='lat' dir='ltr'>cognoscimus,</span> <span class='ocrx_word' id='word_1_10' title='bbox 2081 257 2268 312; x_wconf 82' lang='lat' dir='ltr'>Carpum</span> <span class='ocrx_word' id='word_1_11' title='bbox 2301 258 2511 312; x_wconf 82' lang='lat' dir='ltr'><strong>quendam</strong></span> 
     </span>
    </p>
   </div>
   <div class='ocr_carea' id='block_1_3' title="bbox 117 324 2514 466">
    <p class='ocr_par' dir='ltr' id='par_1_3' title="bbox 117 324 2514 466">
     <span class='ocr_line' id='line_1_3' title="bbox 117 324 1571 390; baseline -0.004 -8"><span class='ocrx_word' id='word_1_12' title='bbox 117 337 225 382; x_wconf 92' lang='lat' dir='ltr'>illud</span> <span class='ocrx_word' id='word_1_13' title='bbox 256 349 439 379; x_wconf 86' lang='lat' dir='ltr'>marmor</span> <span class='ocrx_word' id='word_1_14' title='bbox 470 335 637 390; x_wconf 86' lang='lat' dir='ltr'>gratiae</span> <span class='ocrx_word' id='word_1_15' title='bbox 670 348 774 378; x_wconf 90' lang='lat' dir='ltr'>suae</span> <span class='ocrx_word' id='word_1_16' title='bbox 805 324 1115 376; x_wconf 79' lang='lat' dir='ltr'><strong>monumentum</strong></span> <span class='ocrx_word' id='word_1_17' title='bbox 1147 333 1331 390; x_wconf 84' lang='lat' dir='ltr'>Cyrenis</span> <span class='ocrx_word' id='word_1_18' title='bbox 1364 334 1571 390; x_wconf 80' lang='lat' dir='ltr'>posuisse.</span> 
     </span>
     <span class='ocr_line' id='line_1_4' title="bbox 303 410 2514 466; baseline -0.001 -13"><span class='ocrx_word' id='word_1_19' title='bbox 303 413 424 464; x_wconf 83' lang='lat' dir='ltr'>Quae</span> <span class='ocrx_word' id='word_1_20' title='bbox 456 412 520 452; x_wconf 93' lang='lat' dir='ltr'>illi</span> <span class='ocrx_word' id='word_1_21' title='bbox 552 425 645 451; x_wconf 92' lang='lat' dir='ltr'>cum</span> <span class='ocrx_word' id='word_1_22' title='bbox 678 411 930 466; x_wconf 81' lang='lat' dir='ltr'>Cyrenaicis</span> <span class='ocrx_word' id='word_1_23' title='bbox 962 411 1069 451; x_wconf 86' lang='lat' dir='ltr'>ratio</span> <span class='ocrx_word' id='word_1_24' title='bbox 1101 411 1407 462; x_wconf 82' lang='lat' dir='ltr'>intercesserit,</span> <span class='ocrx_word' id='word_1_25' title='bbox 1439 415 1577 451; x_wconf 91' lang='lat' dir='ltr'>utrum</span> <span class='ocrx_word' id='word_1_26' title='bbox 1610 411 1780 464; x_wconf 90' lang='lat' dir='ltr'>publico</span> <span class='ocrx_word' id='word_1_27' title='bbox 1812 424 1866 450; x_wconf 89' lang='lat' dir='ltr'>an</span> <span class='ocrx_word' id='word_1_28' title='bbox 1899 411 2065 463; x_wconf 88' lang='lat' dir='ltr'>privato</span> <span class='ocrx_word' id='word_1_29' title='bbox 2098 410 2283 464; x_wconf 92' lang='lat' dir='ltr'>hospitio</span> <span class='ocrx_word' id='word_1_30' title='bbox 2311 414 2514 463; x_wconf 87' lang='lat' dir='ltr'>acceptus</span> 
     </span>
    </p>
   </div>
   <div class='ocr_carea' id='block_1_4' title="bbox 114 486 2517 849">
    <p class='ocr_par' dir='ltr' id='par_1_4' title="bbox 114 486 1553 544">
     <span class='ocr_line' id='line_1_5' title="bbox 114 486 1553 544; baseline -0.003 -11"><span class='ocrx_word' id='word_1_31' title='bbox 114 489 194 544; x_wconf 88' lang='lat' dir='ltr'>sit,</span> <span class='ocrx_word' id='word_1_32' title='bbox 227 504 280 533; x_wconf 86' lang='lat' dir='ltr'>ex</span> <span class='ocrx_word' id='word_1_33' title='bbox 310 486 601 542; x_wconf 78' lang='lat' dir='ltr'>inscriptionis</span> <span class='ocrx_word' id='word_1_34' title='bbox 633 486 777 529; x_wconf 88' lang='lat' dir='ltr'>verbis</span> <span class='ocrx_word' id='word_1_35' title='bbox 810 490 1009 529; x_wconf 88' lang='lat' dir='ltr'>accurate</span> <span class='ocrx_word' id='word_1_36' title='bbox 1041 486 1255 541; x_wconf 83' lang='lat' dir='ltr'>explorari</span> <span class='ocrx_word' id='word_1_37' title='bbox 1286 499 1371 528; x_wconf 92' lang='lat' dir='ltr'>non</span> <span class='ocrx_word' id='word_1_38' title='bbox 1403 490 1553 541; x_wconf 91' lang='lat' dir='ltr'>potest.</span> 
     </span>
    </p>

    <p class='ocr_par' dir='ltr' id='par_1_5' title="bbox 115 562 2517 775">
     <span class='ocr_line' id='line_1_6' title="bbox 302 562 2517 619; baseline -0.002 -10"><span class='ocrx_word' id='word_1_39' title='bbox 302 564 448 609; x_wconf 89' lang='lat' dir='ltr'>Verba</span> <span class='ocrx_word' id='word_1_40' title='bbox 488 562 780 619; x_wconf 86' lang='lat' dir='ltr'>inscriptionis</span> <span class='ocrx_word' id='word_1_41' title='bbox 829 563 1353 607; x_wconf 70' lang='grc' dir='ltr'><em>ΥΠΕΡΜΕΛΛΘΡΟΙΟ</em></span> <span class='ocrx_word' id='word_1_42' title='bbox 1400 562 1617 606; x_wconf 87' lang='lat' dir='ltr'>declarare</span> <span class='ocrx_word' id='word_1_43' title='bbox 1656 562 1864 617; x_wconf 87' lang='lat' dir='ltr'>videntur,</span> <span class='ocrx_word' id='word_1_44' title='bbox 1912 562 2098 605; x_wconf 87' lang='lat' dir='ltr'>tabulam</span> <span class='ocrx_word' id='word_1_45' title='bbox 2146 568 2333 606; x_wconf 85' lang='lat' dir='ltr'>nostram</span> <span class='ocrx_word' id='word_1_46' title='bbox 2383 575 2517 618; x_wconf 89' lang='lat' dir='ltr'>supra</span> 
     </span>
     <span class='ocr_line' id='line_1_7' title="bbox 115 638 2512 701; baseline -0.002 -14"><span class='ocrx_word' id='word_1_47' title='bbox 115 643 362 701; x_wconf 77' lang='lat' dir='ltr'>epistylium</span> <span class='ocrx_word' id='word_1_48' title='bbox 394 641 641 683; x_wconf 88' lang='lat' dir='ltr'>collocatam</span> <span class='ocrx_word' id='word_1_49' title='bbox 673 644 882 696; x_wconf 89' lang='lat' dir='ltr'>metopam</span> <span class='ocrx_word' id='word_1_50' title='bbox 915 639 1129 696; x_wconf 88' lang='lat' dir='ltr'>effecisse;</span> <span class='ocrx_word' id='word_1_51' title='bbox 1171 640 1235 682; x_wconf 89' lang='lat' dir='ltr'>sic</span> <span class='ocrx_word' id='word_1_52' title='bbox 1273 639 1383 682; x_wconf 91' lang='lat' dir='ltr'>enim</span> <span class='ocrx_word' id='word_1_53' title='bbox 1422 639 1665 696; x_wconf 88' lang='lat' dir='ltr'>sculpturae</span> <span class='ocrx_word' id='word_1_54' title='bbox 1698 639 1807 682; x_wconf 91' lang='lat' dir='ltr'>inter</span> <span class='ocrx_word' id='word_1_55' title='bbox 1838 638 2082 695; x_wconf 83' lang='lat' dir='ltr'>triglyphos</span> <span class='ocrx_word' id='word_1_56' title='bbox 2114 645 2155 682; x_wconf 89' lang='lat' dir='ltr'>et</span> <span class='ocrx_word' id='word_1_57' title='bbox 2187 653 2317 696; x_wconf 91' lang='lat' dir='ltr'>supra</span> <span class='ocrx_word' id='word_1_58' title='bbox 2349 638 2512 696; x_wconf 89' lang='lat' dir='ltr'>episty-</span> 
     </span>
     <span class='ocr_line' id='line_1_8' title="bbox 116 718 787 775; baseline -0.007 -11"><span class='ocrx_word' id='word_1_59' title='bbox 116 722 220 764; x_wconf 92' lang='lat' dir='ltr'>lium</span> <span class='ocrx_word' id='word_1_60' title='bbox 252 719 417 775; x_wconf 84' lang='lat' dir='ltr'>positae</span> <span class='ocrx_word' id='word_1_61' title='bbox 451 718 787 760; x_wconf 83' lang='lat' dir='ltr'>nominabantur.</span> 
     </span>
    </p>

    <p class='ocr_par' dir='ltr' id='par_1_6' title="bbox 304 793 2513 849">
     <span class='ocr_line' id='line_1_9' title="bbox 304 793 2513 849; baseline -0.001 -12"><span class='ocrx_word' id='word_1_62' title='bbox 304 794 428 847; x_wconf 82' lang='lat' dir='ltr'>Quod</span> <span class='ocrx_word' id='word_1_63' title='bbox 471 796 509 837; x_wconf 94' lang='lat' dir='ltr'>si</span> <span class='ocrx_word' id='word_1_64' title='bbox 548 809 636 836; x_wconf 90' lang='lat' dir='ltr'>rem</span> <span class='ocrx_word' id='word_1_65' title='bbox 673 794 733 835; x_wconf 87' lang='lat' dir='ltr'>ita</span> <span class='ocrx_word' id='word_1_66' title='bbox 772 808 818 835; x_wconf 89' lang='lat' dir='ltr'>se</span> <span class='ocrx_word' id='word_1_67' title='bbox 858 794 1059 836; x_wconf 81' lang='lat' dir='ltr'>habuisse</span> <span class='ocrx_word' id='word_1_68' title='bbox 1098 800 1350 845; x_wconf 84' lang='lat' dir='ltr'>statuamus,</span> <span class='ocrx_word' id='word_1_69' title='bbox 1396 795 1601 836; x_wconf 84' lang='lat' dir='ltr'>coniicere</span> <span class='ocrx_word' id='word_1_70' title='bbox 1635 795 1746 847; x_wconf 89' lang='lat' dir='ltr'>licet,</span> <span class='ocrx_word' id='word_1_71' title='bbox 1786 800 1994 848; x_wconf 89' lang='lat' dir='ltr'>metopam</span> <span class='ocrx_word' id='word_1_72' title='bbox 2039 794 2152 835; x_wconf 85' lang='lat' dir='ltr'>illam</span> <span class='ocrx_word' id='word_1_73' title='bbox 2197 808 2324 849; x_wconf 88' lang='lat' dir='ltr'>supra</span> <span class='ocrx_word' id='word_1_74' title='bbox 2365 793 2513 848; x_wconf 83' lang='lat' dir='ltr'>templi</span> 
     </span>
    </p>
   </div>
   <div class='ocr_carea' id='block_1_5' title="bbox 115 871 2508 1003">
    <p class='ocr_par' dir='ltr' id='par_1_7' title="bbox 115 871 2508 1003">
     <span class='ocr_line' id='line_1_10' title="bbox 115 871 1346 930; baseline -0.002 -15"><span class='ocrx_word' id='word_1_75' title='bbox 115 878 280 930; x_wconf 86' lang='lat' dir='ltr'>portam</span> <span class='ocrx_word' id='word_1_76' title='bbox 312 873 480 914; x_wconf 85' lang='lat' dir='ltr'>affixam</span> <span class='ocrx_word' id='word_1_77' title='bbox 512 871 770 924; x_wconf 86' lang='lat' dir='ltr'>ingredienti</span> <span class='ocrx_word' id='word_1_78' title='bbox 801 871 969 913; x_wconf 91' lang='lat' dir='ltr'>obviam</span> <span class='ocrx_word' id='word_1_79' title='bbox 1002 885 1096 913; x_wconf 92' lang='lat' dir='ltr'>sese</span> <span class='ocrx_word' id='word_1_80' title='bbox 1128 871 1346 913; x_wconf 90' lang='lat' dir='ltr'>obtulisse.</span> 
     </span>
     <span class='ocr_line' id='line_1_11' title="bbox 300 947 2508 1003; baseline -0.001 -12"><span class='ocrx_word' id='word_1_81' title='bbox 300 949 391 991; x_wconf 90' lang='lat' dir='ltr'>Iam</span> <span class='ocrx_word' id='word_1_82' title='bbox 425 953 665 1003; x_wconf 90' lang='lat' dir='ltr'>comparato</span> <span class='ocrx_word' id='word_1_83' title='bbox 699 952 843 990; x_wconf 90' lang='lat' dir='ltr'>nostro</span> <span class='ocrx_word' id='word_1_84' title='bbox 876 953 1140 990; x_wconf 89' lang='lat' dir='ltr'>monumento</span> <span class='ocrx_word' id='word_1_85' title='bbox 1173 962 1267 990; x_wconf 91' lang='lat' dir='ltr'>cum</span> <span class='ocrx_word' id='word_1_86' title='bbox 1298 948 1477 1003; x_wconf 90' lang='lat' dir='ltr'>metopis</span> <span class='ocrx_word' id='word_1_87' title='bbox 1504 948 1788 989; x_wconf 83' lang='lat' dir='ltr'>Parthenonis</span> <span class='ocrx_word' id='word_1_88' title='bbox 1822 947 1969 989; x_wconf 89' lang='lat' dir='ltr'>eadem</span> <span class='ocrx_word' id='word_1_89' title='bbox 2001 948 2089 988; x_wconf 87' lang='lat' dir='ltr'>fere</span> <span class='ocrx_word' id='word_1_90' title='bbox 2122 953 2258 989; x_wconf 89' lang='lat' dir='ltr'>aetate</span> <span class='ocrx_word' id='word_1_91' title='bbox 2291 948 2508 1001; x_wconf 91' lang='lat' dir='ltr'>exstructi,</span> 
     </span>
    </p>
   </div>
   <div class='ocr_carea' id='block_1_6' title="bbox 114 1033 2510 1242">
    <p class='ocr_par' dir='ltr' id='par_1_8' title="bbox 114 1033 2510 1242">
     <span class='ocr_line' id='line_1_12' title="bbox 115 1033 2510 1091; baseline -0.001 -13"><span class='ocrx_word' id='word_1_92' title='bbox 115 1051 200 1091; x_wconf 89' lang='lat' dir='ltr'>qua</span> <span class='ocrx_word' id='word_1_93' title='bbox 231 1036 378 1077; x_wconf 80' lang='lat' dir='ltr'>tabula</span> <span class='ocrx_word' id='word_1_94' title='bbox 409 1039 556 1077; x_wconf 88' lang='lat' dir='ltr'>nostra</span> <span class='ocrx_word' id='word_1_95' title='bbox 588 1035 756 1089; x_wconf 90' lang='lat' dir='ltr'>sculpta</span> <span class='ocrx_word' id='word_1_96' title='bbox 787 1034 920 1076; x_wconf 90' lang='lat' dir='ltr'>fuisse</span> <span class='ocrx_word' id='word_1_97' title='bbox 952 1034 1138 1087; x_wconf 89' lang='lat' dir='ltr'>videtur,</span> <span class='ocrx_word' id='word_1_98' title='bbox 1171 1034 1286 1076; x_wconf 89' lang='lat' dir='ltr'>haud</span> <span class='ocrx_word' id='word_1_99' title='bbox 1318 1034 1485 1075; x_wconf 91' lang='lat' dir='ltr'>difficile</span> <span class='ocrx_word' id='word_1_100' title='bbox 1518 1039 1595 1087; x_wconf 92' lang='lat' dir='ltr'>est,</span> <span class='ocrx_word' id='word_1_101' title='bbox 1629 1034 1680 1076; x_wconf 91' lang='lat' dir='ltr'>de</span> <span class='ocrx_word' id='word_1_102' title='bbox 1713 1033 1842 1075; x_wconf 88' lang='lat' dir='ltr'>totius</span> <span class='ocrx_word' id='word_1_103' title='bbox 1875 1034 2020 1088; x_wconf 90' lang='lat' dir='ltr'>templi</span> <span class='ocrx_word' id='word_1_104' title='bbox 2043 1033 2269 1089; x_wconf 76' lang='lat' dir='ltr'>Cyrenaici</span> <span class='ocrx_word' id='word_1_105' title='bbox 2301 1035 2510 1087; x_wconf 88' lang='lat' dir='ltr'>magnitu-</span> 
     </span>
     <span class='ocr_line' id='line_1_13' title="bbox 114 1109 2508 1166; baseline -0.002 -11"><span class='ocrx_word' id='word_1_106' title='bbox 114 1113 213 1155; x_wconf 89' lang='lat' dir='ltr'>dine</span> <span class='ocrx_word' id='word_1_107' title='bbox 246 1112 528 1154; x_wconf 88' lang='lat' dir='ltr'>coniecturam</span> <span class='ocrx_word' id='word_1_108' title='bbox 560 1112 711 1153; x_wconf 89' lang='lat' dir='ltr'>facere.</span> <span class='ocrx_word' id='word_1_109' title='bbox 776 1111 945 1153; x_wconf 86' lang='lat' dir='ltr'>Tabula</span> <span class='ocrx_word' id='word_1_110' title='bbox 977 1111 1087 1152; x_wconf 88' lang='lat' dir='ltr'>enim</span> <span class='ocrx_word' id='word_1_111' title='bbox 1121 1109 1360 1166; x_wconf 88' lang='lat' dir='ltr'>Cyrenaica</span> <span class='ocrx_word' id='word_1_112' title='bbox 1398 1111 1688 1164; x_wconf 85' lang='lat' dir='ltr'>magnitudine</span> <span class='ocrx_word' id='word_1_113' title='bbox 1736 1125 1818 1151; x_wconf 90' lang='lat' dir='ltr'>non</span> <span class='ocrx_word' id='word_1_114' title='bbox 1867 1111 2041 1151; x_wconf 90' lang='lat' dir='ltr'>multum</span> <span class='ocrx_word' id='word_1_115' title='bbox 2090 1111 2219 1152; x_wconf 91' lang='lat' dir='ltr'>distat</span> <span class='ocrx_word' id='word_1_116' title='bbox 2261 1125 2286 1151; x_wconf 89' lang='lat' dir='ltr'>a</span> <span class='ocrx_word' id='word_1_117' title='bbox 2329 1111 2508 1165; x_wconf 89' lang='lat' dir='ltr'>metopis</span> 
     </span>
     <span class='ocr_line' id='line_1_14' title="bbox 114 1187 1264 1242; baseline -0.002 -12"><span class='ocrx_word' id='word_1_118' title='bbox 114 1188 411 1241; x_wconf 83' lang='lat' dir='ltr'>Parthenonis,</span> <span class='ocrx_word' id='word_1_119' title='bbox 446 1187 670 1229; x_wconf 88' lang='lat' dir='ltr'>immortali</span> <span class='ocrx_word' id='word_1_120' title='bbox 702 1187 882 1230; x_wconf 81' lang='lat' dir='ltr'>Phidiae</span> <span class='ocrx_word' id='word_1_121' title='bbox 914 1201 1040 1229; x_wconf 91' lang='lat' dir='ltr'>manu</span> <span class='ocrx_word' id='word_1_122' title='bbox 1075 1187 1264 1242; x_wconf 91' lang='lat' dir='ltr'>sculptis.</span> 
     </span>
    </p>
   </div>
   <div class='ocr_carea' id='block_1_7' title="bbox 115 1272 2506 1407">
    <p class='ocr_par' dir='ltr' id='par_1_9' title="bbox 115 1272 2506 1407">
     <span class='ocr_line' id='line_1_15' title="bbox 298 1272 2506 1330; baseline 0 -14"><span class='ocrx_word' id='word_1_123' title='bbox 298 1275 489 1317; x_wconf 88' lang='lat' dir='ltr'>Alterum</span> <span class='ocrx_word' id='word_1_124' title='bbox 532 1288 554 1316; x_wconf 90' lang='lat' dir='ltr'>e</span> <span class='ocrx_word' id='word_1_125' title='bbox 596 1274 731 1316; x_wconf 88' lang='lat' dir='ltr'>tribus</span> <span class='ocrx_word' id='word_1_126' title='bbox 765 1274 1043 1316; x_wconf 87' lang='lat' dir='ltr'>monumentis</span> <span class='ocrx_word' id='word_1_127' title='bbox 1076 1273 1350 1329; x_wconf 86' lang='lat' dir='ltr'>disputationi</span> <span class='ocrx_word' id='word_1_128' title='bbox 1383 1279 1553 1316; x_wconf 87' lang='lat' dir='ltr'>nostrae</span> <span class='ocrx_word' id='word_1_129' title='bbox 1586 1275 1816 1330; x_wconf 86' lang='lat' dir='ltr'>propositis</span> <span class='ocrx_word' id='word_1_130' title='bbox 1850 1279 1891 1316; x_wconf 91' lang='lat' dir='ltr'>et</span> <span class='ocrx_word' id='word_1_131' title='bbox 1923 1275 2061 1330; x_wconf 88' lang='lat' dir='ltr'>ipsum</span> <span class='ocrx_word' id='word_1_132' title='bbox 2095 1272 2291 1330; x_wconf 78' lang='lat' dir='ltr'>Cyrenen</span> <span class='ocrx_word' id='word_1_133' title='bbox 2323 1274 2506 1329; x_wconf 86' lang='lat' dir='ltr'>exhibet,</span> 
     </span>
     <span class='ocr_line' id='line_1_16' title="bbox 115 1351 2503 1407; baseline -0.001 -13"><span class='ocrx_word' id='word_1_134' title='bbox 115 1367 223 1407; x_wconf 88' lang='lat' dir='ltr'>quae</span> <span class='ocrx_word' id='word_1_135' title='bbox 254 1353 417 1394; x_wconf 88' lang='lat' dir='ltr'>leonem</span> <span class='ocrx_word' id='word_1_136' title='bbox 450 1352 699 1404; x_wconf 84' lang='lat' dir='ltr'>strangulat.</span> <span class='ocrx_word' id='word_1_137' title='bbox 751 1351 952 1406; x_wconf 90' lang='lat' dir='ltr'>Nympha</span> <span class='ocrx_word' id='word_1_138' title='bbox 995 1351 1139 1392; x_wconf 91' lang='lat' dir='ltr'>eodem</span> <span class='ocrx_word' id='word_1_139' title='bbox 1178 1352 1266 1392; x_wconf 91' lang='lat' dir='ltr'>fere</span> <span class='ocrx_word' id='word_1_140' title='bbox 1308 1352 1465 1393; x_wconf 88' lang='lat' dir='ltr'>vestitu</span> <span class='ocrx_word' id='word_1_141' title='bbox 1508 1365 1584 1392; x_wconf 89' lang='lat' dir='ltr'>nec</span> <span class='ocrx_word' id='word_1_142' title='bbox 1617 1352 1814 1392; x_wconf 85' lang='lat' dir='ltr'>dissimili</span> <span class='ocrx_word' id='word_1_143' title='bbox 1849 1351 2038 1405; x_wconf 87' lang='lat' dir='ltr'>corporis</span> <span class='ocrx_word' id='word_1_144' title='bbox 2071 1351 2218 1392; x_wconf 85' lang='lat' dir='ltr'>habitu</span> <span class='ocrx_word' id='word_1_145' title='bbox 2262 1352 2394 1392; x_wconf 87' lang='lat' dir='ltr'>efficta</span> <span class='ocrx_word' id='word_1_146' title='bbox 2426 1357 2503 1392; x_wconf 87' lang='lat' dir='ltr'>est.</span> 
     </span>
    </p>
   </div>
   <div class='ocr_carea' id='block_1_8' title="bbox 109 1437 2508 2490">
    <p class='ocr_par' dir='ltr' id='par_1_10' title="bbox 109 1437 2508 2490">
     <span class='ocr_line' id='line_1_17' title="bbox 301 1437 2508 1494; baseline -0.001 -13"><span class='ocrx_word' id='word_1_147' title='bbox 301 1438 397 1490; x_wconf 83' lang='lat' dir='ltr'>Qua</span> <span class='ocrx_word' id='word_1_148' title='bbox 430 1437 621 1494; x_wconf 82' lang='lat' dir='ltr'>Cyrenes</span> <span class='ocrx_word' id='word_1_149' title='bbox 653 1438 792 1491; x_wconf 87' lang='lat' dir='ltr'>figura</span> <span class='ocrx_word' id='word_1_150' title='bbox 825 1452 916 1480; x_wconf 90' lang='lat' dir='ltr'>cum</span> <span class='ocrx_word' id='word_1_151' title='bbox 949 1438 1080 1492; x_wconf 88' lang='lat' dir='ltr'>priori</span> <span class='ocrx_word' id='word_1_152' title='bbox 1113 1438 1187 1479; x_wconf 88' lang='lat' dir='ltr'>illa</span> <span class='ocrx_word' id='word_1_153' title='bbox 1220 1438 1446 1492; x_wconf 89' lang='lat' dir='ltr'>diligenter</span> <span class='ocrx_word' id='word_1_154' title='bbox 1479 1443 1721 1492; x_wconf 85' lang='lat' dir='ltr'>comparata</span> <span class='ocrx_word' id='word_1_155' title='bbox 1744 1438 1927 1479; x_wconf 89' lang='lat' dir='ltr'>dubitari</span> <span class='ocrx_word' id='word_1_156' title='bbox 1950 1438 2022 1478; x_wconf 89' lang='lat' dir='ltr'>vix</span> <span class='ocrx_word' id='word_1_157' title='bbox 2046 1443 2206 1492; x_wconf 85' lang='lat' dir='ltr'>potest,</span> <span class='ocrx_word' id='word_1_158' title='bbox 2240 1438 2338 1491; x_wconf 89' lang='lat' dir='ltr'>quin</span> <span class='ocrx_word' id='word_1_159' title='bbox 2364 1438 2508 1479; x_wconf 89' lang='lat' dir='ltr'>tabula</span> 
     </span>
     <span class='ocr_line' id='line_1_18' title="bbox 113 1514 2506 1570; baseline -0.001 -13"><span class='ocrx_word' id='word_1_160' title='bbox 113 1515 329 1570; x_wconf 89' lang='lat' dir='ltr'>aliquanto</span> <span class='ocrx_word' id='word_1_161' title='bbox 362 1514 568 1557; x_wconf 90' lang='lat' dir='ltr'>vetustior</span> <span class='ocrx_word' id='word_1_162' title='bbox 601 1514 673 1568; x_wconf 90' lang='lat' dir='ltr'>sit,</span> <span class='ocrx_word' id='word_1_163' title='bbox 708 1528 831 1569; x_wconf 90' lang='lat' dir='ltr'>quam</span> <span class='ocrx_word' id='word_1_164' title='bbox 865 1518 1015 1556; x_wconf 88' lang='lat' dir='ltr'>statua.</span> <span class='ocrx_word' id='word_1_165' title='bbox 1080 1514 1273 1556; x_wconf 89' lang='lat' dir='ltr'>Vestium</span> <span class='ocrx_word' id='word_1_166' title='bbox 1312 1514 1422 1557; x_wconf 91' lang='lat' dir='ltr'>enim</span> <span class='ocrx_word' id='word_1_167' title='bbox 1463 1528 1765 1570; x_wconf 84' lang='lat' dir='ltr'>corporumque</span> <span class='ocrx_word' id='word_1_168' title='bbox 1798 1514 1945 1555; x_wconf 88' lang='lat' dir='ltr'>habitu</span> <span class='ocrx_word' id='word_1_169' title='bbox 1977 1528 2027 1555; x_wconf 90' lang='lat' dir='ltr'>ac</span> <span class='ocrx_word' id='word_1_170' title='bbox 2060 1514 2285 1569; x_wconf 84' lang='lat' dir='ltr'>praecipue</span> <span class='ocrx_word' id='word_1_171' title='bbox 2317 1514 2506 1567; x_wconf 87' lang='lat' dir='ltr'>artificio,</span> 
     </span>
     <span class='ocr_line' id='line_1_19' title="bbox 113 1590 2504 1647; baseline -0 -14"><span class='ocrx_word' id='word_1_172' title='bbox 113 1606 195 1647; x_wconf 92' lang='lat' dir='ltr'>quo</span> <span class='ocrx_word' id='word_1_173' title='bbox 237 1591 381 1647; x_wconf 89' lang='lat' dir='ltr'>capilli</span> <span class='ocrx_word' id='word_1_174' title='bbox 421 1591 544 1633; x_wconf 88' lang='lat' dir='ltr'>efficti</span> <span class='ocrx_word' id='word_1_175' title='bbox 586 1595 700 1645; x_wconf 79' lang='lat' dir='ltr'>sunt,</span> <span class='ocrx_word' id='word_1_176' title='bbox 745 1591 919 1633; x_wconf 88' lang='lat' dir='ltr'>multum</span> <span class='ocrx_word' id='word_1_177' title='bbox 959 1591 1038 1632; x_wconf 85' lang='lat' dir='ltr'>has</span> <span class='ocrx_word' id='word_1_178' title='bbox 1077 1591 1186 1633; x_wconf 89' lang='lat' dir='ltr'>inter</span> <span class='ocrx_word' id='word_1_179' title='bbox 1225 1604 1271 1633; x_wconf 90' lang='lat' dir='ltr'>se</span> <span class='ocrx_word' id='word_1_180' title='bbox 1312 1591 1571 1646; x_wconf 80' lang='lat' dir='ltr'>discrepare,</span> <span class='ocrx_word' id='word_1_181' title='bbox 1616 1605 1667 1633; x_wconf 90' lang='lat' dir='ltr'>nc</span> <span class='ocrx_word' id='word_1_182' title='bbox 1708 1591 1973 1633; x_wconf 86' lang='lat' dir='ltr'>mediocriter</span> <span class='ocrx_word' id='word_1_183' title='bbox 2006 1590 2173 1645; x_wconf 89' lang='lat' dir='ltr'>quidem</span> <span class='ocrx_word' id='word_1_184' title='bbox 2206 1591 2248 1632; x_wconf 90' lang='lat' dir='ltr'>in</span> <span class='ocrx_word' id='word_1_185' title='bbox 2280 1591 2345 1632; x_wconf 87' lang='lat' dir='ltr'>his</span> <span class='ocrx_word' id='word_1_186' title='bbox 2379 1591 2504 1632; x_wconf 87' lang='lat' dir='ltr'>rebus</span> 
     </span>
     <span class='ocr_line' id='line_1_20' title="bbox 111 1667 2505 1724; baseline -0 -14"><span class='ocrx_word' id='word_1_187' title='bbox 111 1673 327 1710; x_wconf 89' lang='lat' dir='ltr'>versatum</span> <span class='ocrx_word' id='word_1_188' title='bbox 359 1668 508 1722; x_wconf 88' lang='lat' dir='ltr'>fugere</span> <span class='ocrx_word' id='word_1_189' title='bbox 539 1672 689 1723; x_wconf 90' lang='lat' dir='ltr'>potest.</span> <span class='ocrx_word' id='word_1_190' title='bbox 754 1667 945 1724; x_wconf 88' lang='lat' dir='ltr'>Cyrenes</span> <span class='ocrx_word' id='word_1_191' title='bbox 979 1667 1141 1709; x_wconf 89' lang='lat' dir='ltr'>scilicet</span> <span class='ocrx_word' id='word_1_192' title='bbox 1174 1668 1216 1709; x_wconf 93' lang='lat' dir='ltr'>in</span> <span class='ocrx_word' id='word_1_193' title='bbox 1249 1668 1394 1710; x_wconf 89' lang='lat' dir='ltr'>tabula</span> <span class='ocrx_word' id='word_1_194' title='bbox 1425 1669 1585 1723; x_wconf 88' lang='lat' dir='ltr'>effigies</span> <span class='ocrx_word' id='word_1_195' title='bbox 1618 1668 1817 1709; x_wconf 88' lang='lat' dir='ltr'>maiorem</span> <span class='ocrx_word' id='word_1_196' title='bbox 1850 1668 1963 1710; x_wconf 88' lang='lat' dir='ltr'>vitae</span> <span class='ocrx_word' id='word_1_197' title='bbox 1996 1673 2122 1722; x_wconf 89' lang='lat' dir='ltr'>atque</span> <span class='ocrx_word' id='word_1_198' title='bbox 2156 1672 2289 1709; x_wconf 87' lang='lat' dir='ltr'>motus</span> <span class='ocrx_word' id='word_1_199' title='bbox 2322 1667 2505 1723; x_wconf 87' lang='lat' dir='ltr'>speciem</span> 
     </span>
     <span class='ocr_line' id='line_1_21' title="bbox 112 1744 2506 1800; baseline -0 -14"><span class='ocrx_word' id='word_1_200' title='bbox 112 1759 216 1799; x_wconf 88' lang='lat' dir='ltr'>prae</span> <span class='ocrx_word' id='word_1_201' title='bbox 249 1758 296 1786; x_wconf 91' lang='lat' dir='ltr'>se</span> <span class='ocrx_word' id='word_1_202' title='bbox 328 1746 431 1796; x_wconf 80' lang='lat' dir='ltr'>fert3</span> <span class='ocrx_word' id='word_1_203' title='bbox 476 1758 599 1784; x_wconf 85' lang='lat' dir='ltr'>crura</span> <span class='ocrx_word' id='word_1_204' title='bbox 638 1749 763 1797; x_wconf 86' lang='lat' dir='ltr'>atque</span> <span class='ocrx_word' id='word_1_205' title='bbox 802 1745 978 1784; x_wconf 88' lang='lat' dir='ltr'>brachia</span> <span class='ocrx_word' id='word_1_206' title='bbox 1010 1749 1180 1785; x_wconf 84' lang='lat' dir='ltr'>extenta</span> <span class='ocrx_word' id='word_1_207' title='bbox 1212 1745 1335 1798; x_wconf 86' lang='lat' dir='ltr'>quasi</span> <span class='ocrx_word' id='word_1_208' title='bbox 1368 1745 1503 1800; x_wconf 87' lang='lat' dir='ltr'>ipsum</span> <span class='ocrx_word' id='word_1_209' title='bbox 1539 1745 1720 1798; x_wconf 83' lang='lat' dir='ltr'>virginis</span> <span class='ocrx_word' id='word_1_210' title='bbox 1753 1745 1795 1785; x_wconf 90' lang='lat' dir='ltr'>in</span> <span class='ocrx_word' id='word_1_211' title='bbox 1829 1745 1949 1785; x_wconf 93' lang='lat' dir='ltr'>leone</span> <span class='ocrx_word' id='word_1_212' title='bbox 1983 1745 2287 1799; x_wconf 89' lang='lat' dir='ltr'>strangulando</span> <span class='ocrx_word' id='word_1_213' title='bbox 2319 1744 2506 1785; x_wconf 88' lang='lat' dir='ltr'>laborem</span> 
     </span>
     <span class='ocr_line' id='line_1_22' title="bbox 111 1819 2506 1876; baseline 0 -14"><span class='ocrx_word' id='word_1_214' title='bbox 111 1821 349 1862; x_wconf 86' lang='lat' dir='ltr'>ostendunt.</span> <span class='ocrx_word' id='word_1_215' title='bbox 414 1819 572 1874; x_wconf 89' lang='lat' dir='ltr'>Capilli</span> <span class='ocrx_word' id='word_1_216' title='bbox 614 1820 805 1861; x_wconf 90' lang='lat' dir='ltr'>undulati</span> <span class='ocrx_word' id='word_1_217' title='bbox 855 1826 952 1861; x_wconf 91' lang='lat' dir='ltr'>sunt</span> <span class='ocrx_word' id='word_1_218' title='bbox 999 1834 1135 1874; x_wconf 86' lang='lat' dir='ltr'>neque</span> <span class='ocrx_word' id='word_1_219' title='bbox 1181 1821 1225 1861; x_wconf 92' lang='lat' dir='ltr'>in</span> <span class='ocrx_word' id='word_1_220' title='bbox 1269 1822 1462 1875; x_wconf 87' lang='lat' dir='ltr'>singulos</span> <span class='ocrx_word' id='word_1_221' title='bbox 1502 1822 1635 1862; x_wconf 87' lang='lat' dir='ltr'>cirros</span> <span class='ocrx_word' id='word_1_222' title='bbox 1676 1822 1874 1874; x_wconf 84' lang='lat' dir='ltr'>contorti,</span> <span class='ocrx_word' id='word_1_223' title='bbox 1925 1822 2073 1875; x_wconf 90' lang='lat' dir='ltr'>quales</span> <span class='ocrx_word' id='word_1_224' title='bbox 2114 1822 2155 1862; x_wconf 93' lang='lat' dir='ltr'>in</span> <span class='ocrx_word' id='word_1_225' title='bbox 2194 1822 2403 1876; x_wconf 86' lang='lat' dir='ltr'>plerisque</span> <span class='ocrx_word' id='word_1_226' title='bbox 2435 1834 2506 1862; x_wconf 82' lang='lat' dir='ltr'>ve-</span> 
     </span>
     <span class='ocr_line' id='line_1_23' title="bbox 110 1895 2506 1952; baseline -0 -13"><span class='ocrx_word' id='word_1_227' title='bbox 110 1897 361 1939; x_wconf 86' lang='lat' dir='ltr'>tustioribus</span> <span class='ocrx_word' id='word_1_228' title='bbox 395 1895 655 1938; x_wconf 77' lang='lat' dir='ltr'>Graecorum</span> <span class='ocrx_word' id='word_1_229' title='bbox 690 1896 826 1949; x_wconf 86' lang='lat' dir='ltr'>signis</span> <span class='ocrx_word' id='word_1_230' title='bbox 861 1897 1188 1952; x_wconf 86' lang='lat' dir='ltr'>conspiciuntur,</span> <span class='ocrx_word' id='word_1_231' title='bbox 1232 1903 1374 1939; x_wconf 79' lang='lat' dir='ltr'>vestes</span> <span class='ocrx_word' id='word_1_232' title='bbox 1407 1898 1586 1952; x_wconf 87' lang='lat' dir='ltr'>denique</span> <span class='ocrx_word' id='word_1_233' title='bbox 1618 1898 1843 1951; x_wconf 76' lang='lat' dir='ltr'>molliores,</span> <span class='ocrx_word' id='word_1_234' title='bbox 1877 1903 2047 1940; x_wconf 85' lang='lat' dir='ltr'>textura</span> <span class='ocrx_word' id='word_1_235' title='bbox 2078 1899 2275 1951; x_wconf 84' lang='lat' dir='ltr'>tenuiore,</span> <span class='ocrx_word' id='word_1_236' title='bbox 2307 1911 2506 1939; x_wconf 89' lang='lat' dir='ltr'>aurarum</span> 
     </span>
     <span class='ocr_line' id='line_1_24' title="bbox 111 1972 2506 2030; baseline -0 -15"><span class='ocrx_word' id='word_1_237' title='bbox 111 1973 281 2028; x_wconf 90' lang='lat' dir='ltr'>spiritui</span> <span class='ocrx_word' id='word_1_238' title='bbox 303 1972 471 2014; x_wconf 88' lang='lat' dir='ltr'>facilius</span> <span class='ocrx_word' id='word_1_239' title='bbox 496 1972 703 2026; x_wconf 87' lang='lat' dir='ltr'>cedentes,</span> <span class='ocrx_word' id='word_1_240' title='bbox 733 1973 915 2027; x_wconf 89' lang='lat' dir='ltr'>speciem</span> <span class='ocrx_word' id='word_1_241' title='bbox 939 1974 1226 2026; x_wconf 88' lang='lat' dir='ltr'>gratissimam</span> <span class='ocrx_word' id='word_1_242' title='bbox 1255 1974 1465 2016; x_wconf 87' lang='lat' dir='ltr'>exhibent.</span> <span class='ocrx_word' id='word_1_243' title='bbox 1509 1975 1560 2015; x_wconf 94' lang='lat' dir='ltr'>In</span> <span class='ocrx_word' id='word_1_244' title='bbox 1584 1975 1719 2015; x_wconf 85' lang='lat' dir='ltr'>altera</span> <span class='ocrx_word' id='word_1_245' title='bbox 1744 1974 1935 2030; x_wconf 72' lang='lat' dir='ltr'>Cyrenes</span> <span class='ocrx_word' id='word_1_246' title='bbox 1959 1981 2099 2017; x_wconf 89' lang='lat' dir='ltr'>statua</span> <span class='ocrx_word' id='word_1_247' title='bbox 2123 1975 2264 2016; x_wconf 90' lang='lat' dir='ltr'>rudius</span> <span class='ocrx_word' id='word_1_248' title='bbox 2295 1974 2506 2027; x_wconf 88' lang='lat' dir='ltr'>quoddam</span> 
     </span>
     <span class='ocr_line' id='line_1_25' title="bbox 112 2049 2506 2107; baseline 0 -16"><span class='ocrx_word' id='word_1_249' title='bbox 112 2049 332 2105; x_wconf 91' lang='lat' dir='ltr'>sculpendi</span> <span class='ocrx_word' id='word_1_250' title='bbox 365 2062 501 2103; x_wconf 90' lang='lat' dir='ltr'>genus</span> <span class='ocrx_word' id='word_1_251' title='bbox 536 2049 805 2104; x_wconf 86' lang='lat' dir='ltr'>conspicitur.</span> <span class='ocrx_word' id='word_1_252' title='bbox 869 2049 1085 2091; x_wconf 84' lang='lat' dir='ltr'>Romanae</span> <span class='ocrx_word' id='word_1_253' title='bbox 1116 2050 1268 2092; x_wconf 88' lang='lat' dir='ltr'>aetatis</span> <span class='ocrx_word' id='word_1_254' title='bbox 1301 2051 1383 2092; x_wconf 90' lang='lat' dir='ltr'>arti</span> <span class='ocrx_word' id='word_1_255' title='bbox 1415 2051 1620 2106; x_wconf 88' lang='lat' dir='ltr'>proprior.</span> <span class='ocrx_word' id='word_1_256' title='bbox 1670 2049 1807 2093; x_wconf 89' lang='lat' dir='ltr'>Crura</span> <span class='ocrx_word' id='word_1_257' title='bbox 1831 2052 2128 2107; x_wconf 90' lang='lat' dir='ltr'>propemodum</span> <span class='ocrx_word' id='word_1_258' title='bbox 2150 2051 2324 2103; x_wconf 89' lang='lat' dir='ltr'>directa,</span> <span class='ocrx_word' id='word_1_259' title='bbox 2359 2050 2506 2105; x_wconf 88' lang='lat' dir='ltr'>capilli</span> 
     </span>
     <span class='ocr_line' id='line_1_26' title="bbox 109 2126 2505 2182; baseline 0 -15"><span class='ocrx_word' id='word_1_260' title='bbox 109 2127 154 2168; x_wconf 92' lang='lat' dir='ltr'>in</span> <span class='ocrx_word' id='word_1_261' title='bbox 186 2127 323 2168; x_wconf 88' lang='lat' dir='ltr'>fronte</span> <span class='ocrx_word' id='word_1_262' title='bbox 355 2140 504 2181; x_wconf 86' lang='lat' dir='ltr'>parum</span> <span class='ocrx_word' id='word_1_263' title='bbox 536 2126 763 2168; x_wconf 86' lang='lat' dir='ltr'>artificiose</span> <span class='ocrx_word' id='word_1_264' title='bbox 796 2127 1016 2181; x_wconf 86' lang='lat' dir='ltr'>compositi</span> <span class='ocrx_word' id='word_1_265' title='bbox 1049 2132 1175 2181; x_wconf 89' lang='lat' dir='ltr'>atque</span> <span class='ocrx_word' id='word_1_266' title='bbox 1207 2128 1250 2169; x_wconf 90' lang='lat' dir='ltr'>in</span> <span class='ocrx_word' id='word_1_267' title='bbox 1284 2128 1477 2181; x_wconf 89' lang='lat' dir='ltr'>singulos</span> <span class='ocrx_word' id='word_1_268' title='bbox 1511 2128 1643 2169; x_wconf 77' lang='lat' dir='ltr'>cirros</span> <span class='ocrx_word' id='word_1_269' title='bbox 1677 2128 1803 2171; x_wconf 80' lang='lat' dir='ltr'>divisi</span> <span class='ocrx_word' id='word_1_270' title='bbox 1833 2134 1948 2182; x_wconf 91' lang='lat' dir='ltr'>sunt,</span> <span class='ocrx_word' id='word_1_271' title='bbox 1983 2129 2169 2171; x_wconf 88' lang='lat' dir='ltr'>duriores</span> <span class='ocrx_word' id='word_1_272' title='bbox 2195 2128 2344 2169; x_wconf 91' lang='lat' dir='ltr'>deinde</span> <span class='ocrx_word' id='word_1_273' title='bbox 2369 2127 2505 2169; x_wconf 78' lang='lat' dir='ltr'>vestis</span> 
     </span>
     <span class='ocr_line' id='line_1_27' title="bbox 110 2203 2504 2260; baseline 0 -15"><span class='ocrx_word' id='word_1_274' title='bbox 110 2217 244 2258; x_wconf 88' lang='lat' dir='ltr'>rugae</span> <span class='ocrx_word' id='word_1_275' title='bbox 287 2207 413 2257; x_wconf 89' lang='lat' dir='ltr'>atque</span> <span class='ocrx_word' id='word_1_276' title='bbox 457 2203 575 2245; x_wconf 90' lang='lat' dir='ltr'>sinus</span> <span class='ocrx_word' id='word_1_277' title='bbox 615 2203 893 2257; x_wconf 87' lang='lat' dir='ltr'>agrestiorem</span> <span class='ocrx_word' id='word_1_278' title='bbox 934 2203 1097 2258; x_wconf 88' lang='lat' dir='ltr'>figurae</span> <span class='ocrx_word' id='word_1_279' title='bbox 1140 2204 1324 2259; x_wconf 90' lang='lat' dir='ltr'>speciem</span> <span class='ocrx_word' id='word_1_280' title='bbox 1365 2205 1557 2247; x_wconf 88' lang='lat' dir='ltr'>efficiunt.</span> <span class='ocrx_word' id='word_1_281' title='bbox 1624 2203 1831 2247; x_wconf 90' lang='lat' dir='ltr'>Cothurni</span> <span class='ocrx_word' id='word_1_282' title='bbox 1871 2206 2051 2260; x_wconf 91' lang='lat' dir='ltr'>denique</span> <span class='ocrx_word' id='word_1_283' title='bbox 2091 2211 2130 2247; x_wconf 92' lang='lat' dir='ltr'>et</span> <span class='ocrx_word' id='word_1_284' title='bbox 2171 2205 2254 2259; x_wconf 89' lang='lat' dir='ltr'>ipsi</span> <span class='ocrx_word' id='word_1_285' title='bbox 2294 2204 2504 2258; x_wconf 89' lang='lat' dir='ltr'>agrestio·</span> 
     </span>
     <span class='ocr_line' id='line_1_28' title="bbox 110 2279 2506 2338; baseline -0.001 -14"><span class='ocrx_word' id='word_1_286' title='bbox 110 2294 179 2324; x_wconf 91' lang='lat' dir='ltr'>res</span> <span class='ocrx_word' id='word_1_287' title='bbox 213 2294 308 2323; x_wconf 89' lang='lat' dir='ltr'>esse</span> <span class='ocrx_word' id='word_1_288' title='bbox 340 2279 555 2334; x_wconf 87' lang='lat' dir='ltr'>videntur;</span> <span class='ocrx_word' id='word_1_289' title='bbox 591 2294 683 2322; x_wconf 89' lang='lat' dir='ltr'>eum</span> <span class='ocrx_word' id='word_1_290' title='bbox 715 2280 759 2321; x_wconf 92' lang='lat' dir='ltr'>in</span> <span class='ocrx_word' id='word_1_291' title='bbox 792 2280 968 2323; x_wconf 89' lang='lat' dir='ltr'>alterius</span> <span class='ocrx_word' id='word_1_292' title='bbox 1000 2280 1163 2335; x_wconf 90' lang='lat' dir='ltr'>figurae</span> <span class='ocrx_word' id='word_1_293' title='bbox 1197 2281 1414 2324; x_wconf 87' lang='lat' dir='ltr'>cothurnis</span> <span class='ocrx_word' id='word_1_294' title='bbox 1458 2287 1682 2338; x_wconf 89' lang='lat' dir='ltr'>utcumque</span> <span class='ocrx_word' id='word_1_295' title='bbox 1716 2283 1988 2337; x_wconf 81' lang='lat' dir='ltr'>oblitteratis,</span> <span class='ocrx_word' id='word_1_296' title='bbox 2021 2283 2146 2324; x_wconf 90' lang='lat' dir='ltr'>multo</span> <span class='ocrx_word' id='word_1_297' title='bbox 2171 2281 2324 2336; x_wconf 89' lang='lat' dir='ltr'>prioris</span> <span class='ocrx_word' id='word_1_298' title='bbox 2349 2281 2506 2337; x_wconf 87' lang='lat' dir='ltr'>aetatis</span> 
     </span>
     <span class='ocr_line' id='line_1_29' title="bbox 109 2357 2503 2415; baseline 0 -17"><span class='ocrx_word' id='word_1_299' title='bbox 109 2371 181 2398; x_wconf 90' lang='lat' dir='ltr'>ars</span> <span class='ocrx_word' id='word_1_300' title='bbox 214 2361 483 2411; x_wconf 88' lang='lat' dir='ltr'>agnoscatur.</span> <span class='ocrx_word' id='word_1_301' title='bbox 547 2358 637 2397; x_wconf 88' lang='lat' dir='ltr'>Iam</span> <span class='ocrx_word' id='word_1_302' title='bbox 671 2370 723 2398; x_wconf 90' lang='lat' dir='ltr'>ex</span> <span class='ocrx_word' id='word_1_303' title='bbox 757 2357 824 2397; x_wconf 86' lang='lat' dir='ltr'>his</span> <span class='ocrx_word' id='word_1_304' title='bbox 858 2357 1189 2398; x_wconf 91' lang='lat' dir='ltr'>concludendum</span> <span class='ocrx_word' id='word_1_305' title='bbox 1222 2362 1299 2412; x_wconf 89' lang='lat' dir='ltr'>est,</span> <span class='ocrx_word' id='word_1_306' title='bbox 1333 2359 1520 2400; x_wconf 87' lang='lat' dir='ltr'>tabulam</span> <span class='ocrx_word' id='word_1_307' title='bbox 1553 2361 1682 2401; x_wconf 90' lang='lat' dir='ltr'>multo</span> <span class='ocrx_word' id='word_1_308' title='bbox 1717 2360 1849 2415; x_wconf 88' lang='lat' dir='ltr'>priori</span> <span class='ocrx_word' id='word_1_309' title='bbox 1878 2360 2006 2402; x_wconf 90' lang='lat' dir='ltr'>aetati</span> <span class='ocrx_word' id='word_1_310' title='bbox 2038 2358 2341 2412; x_wconf 87' lang='lat' dir='ltr'>ascribendam,</span> <span class='ocrx_word' id='word_1_311' title='bbox 2376 2371 2503 2412; x_wconf 91' lang='lat' dir='ltr'>quam</span> 
     </span>
     <span class='ocr_line' id='line_1_30' title="bbox 110 2433 1461 2490; baseline 0.001 -15"><span class='ocrx_word' id='word_1_312' title='bbox 110 2438 293 2475; x_wconf 89' lang='lat' dir='ltr'>statuam</span> <span class='ocrx_word' id='word_1_313' title='bbox 328 2447 446 2486; x_wconf 91' lang='lat' dir='ltr'>esse;</span> <span class='ocrx_word' id='word_1_314' title='bbox 482 2433 599 2474; x_wconf 89' lang='lat' dir='ltr'>cuius</span> <span class='ocrx_word' id='word_1_315' title='bbox 632 2434 853 2475; x_wconf 87' lang='lat' dir='ltr'>faciendae</span> <span class='ocrx_word' id='word_1_316' title='bbox 885 2435 1069 2475; x_wconf 88' lang='lat' dir='ltr'>fortasse</span> <span class='ocrx_word' id='word_1_317' title='bbox 1101 2434 1217 2475; x_wconf 91' lang='lat' dir='ltr'>dedit</span> <span class='ocrx_word' id='word_1_318' title='bbox 1249 2435 1461 2490; x_wconf 87' lang='lat' dir='ltr'>impetum.</span> 
     </span>
    </p>
   </div>
   <div class='ocr_carea' id='block_1_9' title="bbox 107 2519 2504 2729">
    <p class='ocr_par' dir='ltr' id='par_1_11' title="bbox 107 2519 2504 2729">
     <span class='ocr_line' id='line_1_31' title="bbox 295 2519 2501 2577; baseline 0 -15"><span class='ocrx_word' id='word_1_319' title='bbox 295 2519 484 2575; x_wconf 86' lang='lat' dir='ltr'>Reperta</span> <span class='ocrx_word' id='word_1_320' title='bbox 516 2524 581 2562; x_wconf 90' lang='lat' dir='ltr'>est</span> <span class='ocrx_word' id='word_1_321' title='bbox 614 2524 755 2563; x_wconf 91' lang='lat' dir='ltr'>statua</span> <span class='ocrx_word' id='word_1_322' title='bbox 786 2520 897 2563; x_wconf 91' lang='lat' dir='ltr'>inter</span> <span class='ocrx_word' id='word_1_323' title='bbox 928 2520 1113 2575; x_wconf 85' lang='lat' dir='ltr'>vestigia</span> <span class='ocrx_word' id='word_1_324' title='bbox 1151 2521 1298 2576; x_wconf 90' lang='lat' dir='ltr'>templi</span> <span class='ocrx_word' id='word_1_325' title='bbox 1340 2522 1532 2577; x_wconf 90' lang='lat' dir='ltr'>Apollini</span> <span class='ocrx_word' id='word_1_326' title='bbox 1574 2523 1696 2564; x_wconf 89' lang='lat' dir='ltr'>sacri.</span> <span class='ocrx_word' id='word_1_327' title='bbox 1773 2521 1880 2574; x_wconf 86' lang='lat' dir='ltr'>Quis</span> <span class='ocrx_word' id='word_1_328' title='bbox 1913 2536 2003 2564; x_wconf 87' lang='lat' dir='ltr'>eam</span> <span class='ocrx_word' id='word_1_329' title='bbox 2035 2520 2282 2576; x_wconf 86' lang='lat' dir='ltr'>sculpserit,</span> <span class='ocrx_word' id='word_1_330' title='bbox 2314 2535 2369 2563; x_wconf 86' lang='lat' dir='ltr'>ex</span> <span class='ocrx_word' id='word_1_331' title='bbox 2402 2521 2501 2563; x_wconf 90' lang='lat' dir='ltr'>reli·</span> 
     </span>
     <span class='ocr_line' id='line_1_32' title="bbox 108 2597 2504 2653; baseline 0.001 -15"><span class='ocrx_word' id='word_1_332' title='bbox 108 2597 233 2651; x_wconf 82' lang='lat' dir='ltr'>quiis,</span> <span class='ocrx_word' id='word_1_333' title='bbox 268 2610 376 2651; x_wconf 89' lang='lat' dir='ltr'>quae</span> <span class='ocrx_word' id='word_1_334' title='bbox 408 2601 589 2650; x_wconf 88' lang='lat' dir='ltr'>exstant,</span> <span class='ocrx_word' id='word_1_335' title='bbox 624 2597 838 2652; x_wconf 88' lang='lat' dir='ltr'>explorari</span> <span class='ocrx_word' id='word_1_336' title='bbox 871 2610 954 2639; x_wconf 92' lang='lat' dir='ltr'>non</span> <span class='ocrx_word' id='word_1_337' title='bbox 987 2601 1136 2652; x_wconf 85' lang='lat' dir='ltr'>potest.</span> <span class='ocrx_word' id='word_1_338' title='bbox 1200 2597 1286 2640; x_wconf 92' lang='lat' dir='ltr'>Ars</span> <span class='ocrx_word' id='word_1_339' title='bbox 1319 2598 1374 2640; x_wconf 91' lang='lat' dir='ltr'>ad</span> <span class='ocrx_word' id='word_1_340' title='bbox 1407 2612 1512 2653; x_wconf 90' lang='lat' dir='ltr'>eam,</span> <span class='ocrx_word' id='word_1_341' title='bbox 1558 2613 1666 2653; x_wconf 85' lang='lat' dir='ltr'>quae</span> <span class='ocrx_word' id='word_1_342' title='bbox 1698 2613 1808 2641; x_wconf 90' lang='lat' dir='ltr'>nunc</span> <span class='ocrx_word' id='word_1_343' title='bbox 1840 2598 2216 2642; x_wconf 84' lang='lat' dir='ltr'>Graeco-Romana</span> <span class='ocrx_word' id='word_1_344' title='bbox 2249 2598 2504 2653; x_wconf 86' lang='lat' dir='ltr'>appellatur,</span> 
     </span>
     <span class='ocr_line' id='line_1_33' title="bbox 107 2673 489 2729; baseline 0.003 -15"><span class='ocrx_word' id='word_1_345' title='bbox 107 2673 283 2729; x_wconf 91' lang='lat' dir='ltr'>propius</span> <span class='ocrx_word' id='word_1_346' title='bbox 315 2673 489 2716; x_wconf 90' lang='lat' dir='ltr'>accedit.</span> 
     </span>
    </p>
   </div>
   <div class='ocr_carea' id='block_1_10' title="bbox 104 2761 2506 3126">
    <p class='ocr_par' dir='ltr' id='par_1_12' title="bbox 104 2761 2506 3126">
     <span class='ocr_line' id='line_1_34' title="bbox 293 2761 2502 2819; baseline 0.001 -16"><span class='ocrx_word' id='word_1_347' title='bbox 293 2761 485 2804; x_wconf 91' lang='lat' dir='ltr'>Tertium</span> <span class='ocrx_word' id='word_1_348' title='bbox 517 2761 698 2816; x_wconf 89' lang='lat' dir='ltr'>denique</span> <span class='ocrx_word' id='word_1_349' title='bbox 729 2776 911 2804; x_wconf 90' lang='lat' dir='ltr'>marmor</span> <span class='ocrx_word' id='word_1_350' title='bbox 935 2761 1131 2818; x_wconf 91' lang='lat' dir='ltr'>Cyrenen</span> <span class='ocrx_word' id='word_1_351' title='bbox 1158 2763 1389 2819; x_wconf 91' lang='lat' dir='ltr'>nympham</span> <span class='ocrx_word' id='word_1_352' title='bbox 1412 2764 1658 2807; x_wconf 79' lang='lat' dir='ltr'>exhibuisse</span> <span class='ocrx_word' id='word_1_353' title='bbox 1682 2764 1857 2816; x_wconf 86' lang='lat' dir='ltr'>videtur,</span> <span class='ocrx_word' id='word_1_354' title='bbox 1891 2763 2095 2817; x_wconf 87' lang='lat' dir='ltr'>quamvis,</span> <span class='ocrx_word' id='word_1_355' title='bbox 2130 2763 2269 2818; x_wconf 85' lang='lat' dir='ltr'>capite</span> <span class='ocrx_word' id='word_1_356' title='bbox 2292 2762 2502 2805; x_wconf 88' lang='lat' dir='ltr'>brachiis-</span> 
     </span>
     <span class='ocr_line' id='line_1_35' title="bbox 107 2837 2505 2896; baseline 0.002 -18"><span class='ocrx_word' id='word_1_357' title='bbox 107 2848 189 2889; x_wconf 91' lang='lat' dir='ltr'>que</span> <span class='ocrx_word' id='word_1_358' title='bbox 231 2837 452 2892; x_wconf 87' lang='lat' dir='ltr'>defractis,</span> <span class='ocrx_word' id='word_1_359' title='bbox 504 2838 611 2881; x_wconf 90' lang='lat' dir='ltr'>nihil</span> <span class='ocrx_word' id='word_1_360' title='bbox 660 2839 763 2881; x_wconf 91' lang='lat' dir='ltr'>certi</span> <span class='ocrx_word' id='word_1_361' title='bbox 802 2839 854 2881; x_wconf 91' lang='lat' dir='ltr'>de</span> <span class='ocrx_word' id='word_1_362' title='bbox 892 2839 973 2881; x_wconf 91' lang='lat' dir='ltr'>hac</span> <span class='ocrx_word' id='word_1_363' title='bbox 1012 2840 1150 2894; x_wconf 87' lang='lat' dir='ltr'>figura</span> <span class='ocrx_word' id='word_1_364' title='bbox 1189 2841 1319 2882; x_wconf 92' lang='lat' dir='ltr'>statui</span> <span class='ocrx_word' id='word_1_365' title='bbox 1362 2842 1509 2896; x_wconf 92' lang='lat' dir='ltr'>possit.</span> <span class='ocrx_word' id='word_1_366' title='bbox 1581 2842 1630 2883; x_wconf 91' lang='lat' dir='ltr'>In</span> <span class='ocrx_word' id='word_1_367' title='bbox 1663 2842 1743 2883; x_wconf 91' lang='lat' dir='ltr'>hac</span> <span class='ocrx_word' id='word_1_368' title='bbox 1786 2840 1921 2894; x_wconf 88' lang='lat' dir='ltr'>effigie</span> <span class='ocrx_word' id='word_1_369' title='bbox 1953 2839 2140 2895; x_wconf 87' lang='lat' dir='ltr'>nympha</span> <span class='ocrx_word' id='word_1_370' title='bbox 2172 2839 2329 2881; x_wconf 90' lang='lat' dir='ltr'>vestitu</span> <span class='ocrx_word' id='word_1_371' title='bbox 2361 2839 2505 2882; x_wconf 92' lang='lat' dir='ltr'>minus</span> 
     </span>
     <span class='ocr_line' id='line_1_36' title="bbox 106 2910 2506 2973; baseline 0.002 -19"><span class='ocrx_word' id='word_1_372' title='bbox 106 2910 290 2966; x_wconf 92' lang='lat' dir='ltr'>simplici</span> <span class='ocrx_word' id='word_1_373' title='bbox 330 2926 383 2955; x_wconf 86' lang='lat' dir='ltr'>ex</span> <span class='ocrx_word' id='word_1_374' title='bbox 425 2914 589 2957; x_wconf 87' lang='lat' dir='ltr'>duabus</span> <span class='ocrx_word' id='word_1_375' title='bbox 628 2916 822 2970; x_wconf 87' lang='lat' dir='ltr'>partibus</span> <span class='ocrx_word' id='word_1_376' title='bbox 855 2916 1086 2971; x_wconf 90' lang='lat' dir='ltr'>composito</span> <span class='ocrx_word' id='word_1_377' title='bbox 1118 2915 1267 2959; x_wconf 90' lang='lat' dir='ltr'>induta</span> <span class='ocrx_word' id='word_1_378' title='bbox 1299 2922 1382 2972; x_wconf 90' lang='lat' dir='ltr'>est,</span> <span class='ocrx_word' id='word_1_379' title='bbox 1425 2932 1601 2972; x_wconf 92' lang='lat' dir='ltr'>quarum</span> <span class='ocrx_word' id='word_1_380' title='bbox 1645 2918 1834 2973; x_wconf 88' lang='lat' dir='ltr'>superior</span> <span class='ocrx_word' id='word_1_381' title='bbox 1872 2916 2090 2957; x_wconf 90' lang='lat' dir='ltr'>brachium</span> <span class='ocrx_word' id='word_1_382' title='bbox 2123 2921 2355 2970; x_wconf 90' lang='lat' dir='ltr'>pectusque</span> <span class='ocrx_word' id='word_1_383' title='bbox 2387 2917 2506 2959; x_wconf 91' lang='lat' dir='ltr'>nuda</span> 
     </span>
     <span class='ocr_line' id='line_1_37' title="bbox 106 2987 2505 3050; baseline 0.003 -21"><span class='ocrx_word' id='word_1_384' title='bbox 106 2987 355 3042; x_wconf 78' lang='lat' dir='ltr'>ostendenS,</span> <span class='ocrx_word' id='word_1_385' title='bbox 388 2991 525 3033; x_wconf 92' lang='lat' dir='ltr'>medio</span> <span class='ocrx_word' id='word_1_386' title='bbox 559 2991 602 3033; x_wconf 93' lang='lat' dir='ltr'>in</span> <span class='ocrx_word' id='word_1_387' title='bbox 635 2996 803 3047; x_wconf 91' lang='lat' dir='ltr'>pectore</span> <span class='ocrx_word' id='word_1_388' title='bbox 835 2993 966 3035; x_wconf 92' lang='lat' dir='ltr'>fibula</span> <span class='ocrx_word' id='word_1_389' title='bbox 998 2992 1205 3047; x_wconf 89' lang='lat' dir='ltr'>quadrata</span> <span class='ocrx_word' id='word_1_390' title='bbox 1237 2993 1477 3050; x_wconf 88' lang='lat' dir='ltr'>cohibetur,</span> <span class='ocrx_word' id='word_1_391' title='bbox 1510 2995 1742 3048; x_wconf 90' lang='lat' dir='ltr'>iterumque</span> <span class='ocrx_word' id='word_1_392' title='bbox 1774 2993 1853 3035; x_wconf 87' lang='lat' dir='ltr'>sub</span> <span class='ocrx_word' id='word_1_393' title='bbox 1886 2997 2057 3048; x_wconf 88' lang='lat' dir='ltr'>pectore</span> <span class='ocrx_word' id='word_1_394' title='bbox 2089 2992 2227 3034; x_wconf 89' lang='lat' dir='ltr'>cincta</span> <span class='ocrx_word' id='word_1_395' title='bbox 2259 2992 2312 3034; x_wconf 90' lang='lat' dir='ltr'>de</span> <span class='ocrx_word' id='word_1_396' title='bbox 2342 2992 2505 3036; x_wconf 90' lang='lat' dir='ltr'>lumbis</span> 
     </span>
     <span class='ocr_line' id='line_1_38' title="bbox 104 3063 2417 3126; baseline 0.003 -22"><span class='ocrx_word' id='word_1_397' title='bbox 104 3063 331 3119; x_wconf 88' lang='lat' dir='ltr'>dependet,</span> <span class='ocrx_word' id='word_1_398' title='bbox 366 3079 654 3123; x_wconf 89' lang='lat' dir='ltr'>summamque</span> <span class='ocrx_word' id='word_1_399' title='bbox 685 3068 899 3112; x_wconf 90' lang='lat' dir='ltr'>inferioris</span> <span class='ocrx_word' id='word_1_400' title='bbox 931 3070 1065 3112; x_wconf 89' lang='lat' dir='ltr'>vestis</span> <span class='ocrx_word' id='word_1_401' title='bbox 1097 3074 1260 3125; x_wconf 88' lang='lat' dir='ltr'>partem</span> <span class='ocrx_word' id='word_1_402' title='bbox 1292 3071 1419 3126; x_wconf 91' lang='lat' dir='ltr'>tegit,</span> <span class='ocrx_word' id='word_1_403' title='bbox 1454 3085 1561 3126; x_wconf 90' lang='lat' dir='ltr'>quae</span> <span class='ocrx_word' id='word_1_404' title='bbox 1592 3085 1619 3113; x_wconf 89' lang='lat' dir='ltr'>a</span> <span class='ocrx_word' id='word_1_405' title='bbox 1650 3070 1854 3112; x_wconf 90' lang='lat' dir='ltr'>lateribus</span> <span class='ocrx_word' id='word_1_406' title='bbox 1888 3070 1968 3112; x_wconf 91' lang='lat' dir='ltr'>sub</span> <span class='ocrx_word' id='word_1_407' title='bbox 2000 3082 2141 3124; x_wconf 89' lang='lat' dir='ltr'>genua</span> <span class='ocrx_word' id='word_1_408' title='bbox 2172 3070 2417 3112; x_wconf 90' lang='lat' dir='ltr'>demittitur.</span> 
     </span>
    </p>
   </div>
   <div class='ocr_carea' id='block_1_11' title="bbox 101 3151 2505 3289">
    <p class='ocr_par' dir='ltr' id='par_1_13' title="bbox 101 3151 2505 3289">
     <span class='ocr_line' id='line_1_39' title="bbox 288 3151 2505 3212; baseline 0.003 -19"><span class='ocrx_word' id='word_1_409' title='bbox 288 3151 358 3194; x_wconf 85' lang='lat' dir='ltr'>Ex</span> <span class='ocrx_word' id='word_1_410' title='bbox 398 3158 587 3197; x_wconf 90' lang='lat' dir='ltr'>veterum</span> <span class='ocrx_word' id='word_1_411' title='bbox 631 3157 884 3212; x_wconf 87' lang='lat' dir='ltr'>scriptorum</span> <span class='ocrx_word' id='word_1_412' title='bbox 916 3157 1035 3211; x_wconf 89' lang='lat' dir='ltr'>locis,</span> <span class='ocrx_word' id='word_1_413' title='bbox 1074 3157 1147 3199; x_wconf 94' lang='lat' dir='ltr'>ubi</span> <span class='ocrx_word' id='word_1_414' title='bbox 1187 3157 1359 3200; x_wconf 91' lang='lat' dir='ltr'>dearum</span> <span class='ocrx_word' id='word_1_415' title='bbox 1396 3159 1575 3200; x_wconf 87' lang='lat' dir='ltr'>vestitus</span> <span class='ocrx_word' id='word_1_416' title='bbox 1618 3157 1871 3211; x_wconf 90' lang='lat' dir='ltr'>habitusque</span> <span class='ocrx_word' id='word_1_417' title='bbox 1904 3157 2169 3210; x_wconf 87' lang='lat' dir='ltr'>describitur,</span> <span class='ocrx_word' id='word_1_418' title='bbox 2203 3158 2505 3211; x_wconf 91' lang='lat' dir='ltr'>cognoscimus</span> 
     </span>
     <span class='ocr_line' id='line_1_40' title="bbox 101 3227 2305 3289; baseline 0.003 -19"><span class='ocrx_word' id='word_1_419' title='bbox 101 3227 216 3271; x_wconf 84' lang='lat' dir='ltr'>laxis</span> <span class='ocrx_word' id='word_1_420' title='bbox 248 3228 347 3272; x_wconf 87' lang='lat' dir='ltr'>illas</span> <span class='ocrx_word' id='word_1_421' title='bbox 380 3229 558 3274; x_wconf 89' lang='lat' dir='ltr'>amictas</span> <span class='ocrx_word' id='word_1_422' title='bbox 591 3232 726 3276; x_wconf 89' lang='lat' dir='ltr'>fuisse</span> <span class='ocrx_word' id='word_1_423' title='bbox 757 3233 963 3289; x_wconf 88' lang='lat' dir='ltr'>vestibus,</span> <span class='ocrx_word' id='word_1_424' title='bbox 998 3247 1174 3289; x_wconf 91' lang='lat' dir='ltr'>quarum</span> <span class='ocrx_word' id='word_1_425' title='bbox 1205 3248 1329 3278; x_wconf 90' lang='lat' dir='ltr'>rarae</span> <span class='ocrx_word' id='word_1_426' title='bbox 1362 3234 1627 3289; x_wconf 88' lang='lat' dir='ltr'>directaeque</span> <span class='ocrx_word' id='word_1_427' title='bbox 1658 3247 1792 3289; x_wconf 88' lang='lat' dir='ltr'>rugae</span> <span class='ocrx_word' id='word_1_428' title='bbox 1824 3233 1879 3276; x_wconf 90' lang='lat' dir='ltr'>ad</span> <span class='ocrx_word' id='word_1_429' title='bbox 1911 3234 2021 3277; x_wconf 91' lang='lat' dir='ltr'>talos</span> <span class='ocrx_word' id='word_1_430' title='bbox 2054 3233 2305 3277; x_wconf 85' lang='lat' dir='ltr'>defluebant.</span> 
     </span>
    </p>
   </div>
  </div>
 </body>
</html>
