2652 3503
1130 643 1514 705 Praefatio.

309 844 506 899 Scientia,
532 859 639 900 quae
663 852 796 887 artem
819 846 1033 900 antiquam
1057 846 1261 887 describit
1284 850 1411 899 atque
1438 845 1658 887 historiam
1683 845 1774 886 eius
1803 858 1826 886 e
1853 845 2041 900 reliquiis
2068 847 2269 902 temporis
2298 848 2518 902 praeteriti

121 922 303 976 deducit,
336 922 635 976 archaeologia
666 924 916 978 appellatur⁷
950 937 1058 977 quae
1091 935 1175 963 vox
1208 922 1401 963 derivata
1433 927 1498 963 est
1536 923 1591 962 ab
1626 922 1809 979 ἀρχαῖος
1852 926 2025 971 „vetus“
2062 928 2102 964 et
2136 927 2270 981 λόγος
2311 926 2512 977 „oratio.“

123 996 462 1052 Archaeologiae
495 1000 648 1053 studia,
681 1000 772 1042 sive
803 1000 941 1055 ipsam
974 1004 1141 1054 spectes
1175 998 1267 1040 sive
1311 1012 1513 1039 conexam
1553 1012 1646 1047 cum
1685 998 1860 1052 reliquis
1900 999 2081 1045 artibus,
2121 1000 2262 1042 multis
2302 1000 2516 1043 illecebris

124 1076 320 1131 praedita
353 1082 461 1118 sunt.

310 1152 391 1195 Cui
424 1166 504 1206 quo
530 1153 668 1206 magis
692 1153 894 1204 studetur,
928 1165 976 1194 eo
1010 1152 1148 1205 magis
1181 1151 1327 1205 gliscit
1354 1151 1635 1206 persequendi
1658 1151 1879 1206 cupiditas.
1930 1152 2235 1207 Expeditiones
2256 1153 2514 1207 longinquae

124 1229 412 1284 suscipiuntur
443 1229 498 1269 ad
529 1230 812 1284 explorandas
845 1235 994 1280 terras,
1028 1229 1101 1269 ubi
1128 1228 1332 1281 reliquiae
1358 1240 1434 1282 per
1459 1228 1629 1269 saecula
1656 1228 1931 1270 absconditae
1958 1233 2083 1282 atque
2110 1229 2295 1282 obrutae,
2328 1230 2514 1284 vestigia

122 1310 482 1346 monumentorum
515 1310 701 1347 veterum
745 1310 786 1346 et
829 1305 1077 1346 documenta
1115 1304 1277 1357 ingenii
1315 1309 1548 1358 temporum
1591 1305 1912 1359 praeteritorum
1952 1305 2005 1345 ad
2048 1305 2182 1346 lucem
2222 1306 2511 1359 proferuntur3

121 1381 345 1436 lumenque
387 1381 660 1437 adspergitur
703 1381 921 1436 permultis
962 1381 1090 1424 rebus
1122 1381 1177 1423 ab
1210 1380 1296 1423 illis
1329 1380 1534 1423 historiae
1566 1381 1688 1435 quasi
1721 1382 1972 1435 fragmentis
2006 1395 2306 1436 quamcumque
2349 1383 2511 1424 mutila-

121 1458 178 1500 tis
211 1464 338 1512 atque
371 1459 572 1501 disiectis.

306 1535 441 1591 Lapis
475 1535 644 1590 quidam
678 1535 769 1578 sive
801 1534 946 1578 tabula
979 1548 1224 1589 marmorea,
1258 1535 1428 1587 nullius,
1462 1540 1507 1577 ut
1540 1534 1724 1590 videtur,
1758 1536 1971 1589 momenti,
2008 1536 2124 1578 utilis
2158 1550 2254 1579 esse
2286 1542 2426 1592 potest
2457 1537 2511 1579 ad

121 1612 392 1666 aperiendam
425 1612 645 1653 historiam
677 1613 817 1666 gentis
851 1613 931 1653 hoc
963 1617 1149 1667 tempore
1182 1612 1428 1665 exstinctae,
1463 1617 1507 1653 ut
1540 1625 1856 1666 cognoscamus,
1891 1613 2037 1666 quales
2071 1613 2160 1653 eius
2193 1613 2349 1654 fuerint
2377 1613 2509 1668 leges,

122 1689 425 1739 commercium,
458 1690 717 1743 reipublicae
749 1689 987 1742 disciplina,
1022 1689 1347 1729 consuetudines
1381 1690 1592 1742 privatae3
1638 1689 1843 1741 siquidem
1877 1689 2103 1729 scrutando
2138 1695 2404 1730 monumenta
2435 1703 2508 1731 an—

120 1765 238 1817 tiqua
269 1778 346 1806 nec
378 1778 461 1805 non
493 1766 732 1816 fragmenta
764 1778 986 1815 armorum,
1020 1770 1260 1817 paterarum
1293 1771 1332 1805 et
1365 1765 1603 1805 huiusmodi
1636 1766 1791 1812 omnia,
1832 1765 1944 1804 haud
1983 1765 2150 1805 difficile
2190 1771 2254 1805 est
2288 1766 2339 1805 de
2384 1767 2508 1806 mori—

120 1823 220 1894 bus,
265 1840 379 1883 cultu
420 1840 696 1894 religionibus
737 1840 878 1894 gentis
920 1840 1202 1882 coniecturam
1245 1841 1394 1882 faeere.
1459 1839 1624 1891 Quibus
1668 1841 1709 1882 in
1744 1841 1867 1882 rebus
1896 1841 2206 1894 investigandis
2229 1856 2254 1882 a
2277 1842 2509 1896 cupiditate

120 1931 264 1959 earum
296 1917 434 1971 magis
472 1917 692 1971 magisque
732 1916 1116 1972 pel-sequendarum
1159 1917 1348 1958 ducimur
1391 1917 1444 1958 ad
1486 1917 1668 1959 studium
1712 1931 1783 1959 eas
1827 1918 1881 1959 ab
1923 1918 2034 1958 omni
2069 1922 2188 1972 parte
2230 1918 2506 1973 explorandi;

119 2008 295 2048 cumque
322 1994 495 2036 tristitia
519 1995 747 2036 afficiamur
781 1999 1098 2048 cognoscentes,
1132 2008 1257 2048 quam
1288 1995 1403 2036 fluxa
1436 1995 1520 2036 sint
1553 1995 1691 2036 onmia
1724 1995 1932 2035 hominum
1966 2009 2106 2049 opera,
2139 1994 2361 2036 admiratio
2394 1995 2508 2037 exci-

119 2075 232 2113 tatur
264 2084 418 2124 eorum,
454 2071 524 2126 qui
557 2076 643 2112 tam
676 2071 877 2126 perennia
911 2071 1033 2113 nobis
1067 2071 1314 2125 reliquerint
1346 2072 1539 2127 exempla
1572 2071 1783 2113 imitanda.

304 2147 375 2189 Sic
407 2148 565 2190 Graeci
597 2160 679 2188 non
712 2148 833 2188 modo
867 2148 950 2202 ipsi
991 2148 1144 2189 eximio
1186 2149 1351 2202 pulchri
1390 2149 1628 2202 excelsique
1667 2148 1819 2189 iudicio
1861 2153 1981 2189 erant
2013 2148 2215 2203 praediti,
2250 2148 2325 2189 sed
2358 2161 2505 2190 omnes

119 2231 280 2280 gentes,
314 2225 368 2266 ad
401 2239 506 2279 quas
540 2225 701 2278 ingenii
729 2224 887 2267 Graeci
920 2230 1187 2266 monumenta
1220 2232 1511 2280 pervenerunt,
1547 2239 1620 2280 pro
1654 2239 1730 2266 sua
1770 2238 1957 2278 quaeque
2000 2225 2158 2275 indole,
2200 2225 2506 2278 magnitudinis

118 2316 260 2343 eorum
293 2302 570 2342 admiratores
604 2307 730 2354 atque
763 2302 997 2342 imitatores
1029 2302 1292 2343 exstiterunt.

302 2379 392 2420 Iam
424 2382 689 2420 transeamus
722 2377 776 2419 ad
809 2392 907 2429 rem,
942 2392 1067 2431 quam
1100 2379 1420 2420 examinandam
1454 2380 1575 2420 nobis
1608 2379 1685 2419 hoc
1719 2379 1808 2418 loco
1843 2378 2160 2431 proposuimus,
2195 2377 2301 2418 (luas
2343 2378 2507 2419 scilicet

116 2459 280 2497 statuas
312 2467 522 2510 unumque
555 2468 660 2511 opus
694 2455 899 2497 caelatum
935 2453 1118 2511 Cyrenis
1151 2456 1391 2511 nuperrime
1424 2455 1604 2508 detecta,
1638 2468 1745 2510 nun(⁸
1778 2468 1878 2496 vero
1912 2453 1953 2495 in
1980 2452 2117 2497 Musei
2145 2452 2382 2496 Britannici
2412 2469 2507 2509 por-

115 2533 213 2585 ticu,
246 2546 354 2585 quae
387 2532 540 2573 dicitur
572 2546 744 2586 operum
778 2532 1047 2586 sculptorum,
1082 2532 1286 2589 deposita·
1310 2531 1341 2589 ¹)
1405 2533 1526 2574 Multi
1562 2543 1678 2583 sunt,
1720 2531 1789 2585 qui
1834 2544 1987 2584 magna
2029 2544 2120 2571 cum
2154 2530 2346 2572 doctrina
2379 2536 2506 2584 atque

116 2608 307 2651 sollertia
351 2609 402 2650 de
445 2609 641 2663 vestigiis
682 2610 931 2664 templorum
975 2608 1284 2665 Cyrenensium
1328 2610 1610 2664 seripserunt,
1644 2609 1751 2649 inter
1799 2621 1903 2662 quos
1948 2607 2240 2660 Boettigerus.
2290 2607 2505 2649 Brunnius

116 2686 327 2739 ceterique
352 2686 610 2727 memorandi
637 2684 791 2741 suntfl)
841 2687 931 2727 Iam
950 2699 1050 2727 vero
1076 2686 1118 2739 ii,
1153 2687 1223 2740 qui
1257 2700 1420 2728 omnem
1445 2686 1656 2740 regionem
1685 2688 1977 2739 peragrarunt,
2012 2683 2167 2736 dieunt,
2200 2683 2254 2723 ad
2283 2683 2505 2725 historiam

113 2762 260 2803 horum
292 2763 571 2816 vestigiorum
604 2764 908 2818 explorandam
940 2764 994 2805 ad
1027 2764 1213 2818 priorum
1246 2770 1478 2819 temporum
1512 2764 1739 2816 scriptores
1773 2761 1855 2803 sibi
1889 2760 2215 2814 confugiendum
2248 2760 2393 2802 fuisse.

302 3015 326 3056 ¹)
347 3016 473 3047 Haecee
502 3020 709 3049 monumenta
738 3027 755 3049 e
786 3027 918 3049 numero
948 3021 1025 3050 sunt
1054 3027 1171 3056 eorum,
1202 3028 1287 3059 quae
1310 3018 1466 3050 Sinithius
1497 3020 1530 3048 et
1558 3014 1737 3046 Porcherus
1773 3014 1814 3046 ad
1845 3013 1995 3052 Angliam
2026 3017 2288 3045 transvexerunt.
2340 3013 2413 3044 Viri
2450 3014 2506 3046 isti

114 3069 294 3099 doctissimi
316 3072 444 3099 centum
468 3069 684 3107 quadraginta
706 3073 780 3099 octo
804 3074 1011 3100 monumenta
1033 3071 1244 3109 collegerunt.
1289 3071 1372 3101 Vide
1395 3068 1496 3099 Smith
1519 3067 1580 3097 and
1602 3067 1752 3103 Porcher,
1786 3065 1995 3096 Diseoveries
2017 3068 2050 3095 at
2072 3064 2211 3104 Cyrene.
2255 3064 2391 3095 London
2415 3065 2505 3096 1864.

299 3120 324 3160 2)
347 3121 395 3151 Ex
418 3120 631 3151 recentiorum
654 3120 784 3160 scriptis
807 3121 870 3152 huc
892 3121 1070 3160 pertinent:
1092 3122 1252 3161 Bottiger,
1275 3120 1481 3152 Grieehische
1497 3117 1776 3150 Vasen-Gemalde
1797 3118 1855 3148 mit
1876 3116 2180 3156 archaeologischen
2204 3116 2270 3147 und
2292 3116 2504 3148 artistischen

113 3172 375 3210 Erliiuterungen
399 3172 455 3202 der
477 3171 769 3210 Original—Kupfer.
794 3189 830 3193 —
853 3173 972 3211 Brunn,
996 3173 1188 3204 Geschichte
1212 3174 1269 3204 der
1291 3171 1510 3212 griechischen
1533 3169 1698 3199 Kiinstler.
