<?xml version="1.0" encoding="UTF-8"?>
<!DOCTYPE html PUBLIC "-//W3C//DTD XHTML 1.0 Transitional//EN"
    "http://www.w3.org/TR/xhtml1/DTD/xhtml1-transitional.dtd">
<html xmlns="http://www.w3.org/1999/xhtml" xml:lang="en" lang="en">
 <head>
  <title>
</title>
<meta http-equiv="Content-Type" content="text/html;charset=utf-8" />
  <meta name='ocr-system' content='tesseract 3.04.00' />
  <meta name='ocr-capabilities' content='ocr_page ocr_carea ocr_par ocr_line ocrx_word'/>
</head>
<body>
  <div class='ocr_page' id='page_1' title='image "4769603_0023.png"; bbox 0 0 2652 3503; ppageno 0'>
   <div class='ocr_carea' id='block_1_1' title="bbox 1231 97 1475 140">
    <p class='ocr_par' dir='ltr' id='par_1_1' title="bbox 1231 97 1475 140">
     <span class='ocr_line' id='line_1_1' title="bbox 1231 97 1475 140; baseline 0 -13"><span class='ocrx_word' id='word_1_1' title='bbox 1231 97 1475 140; x_wconf 71' lang='lat'>-15-</span> 
     </span>
    </p>
   </div>
   <div class='ocr_carea' id='block_1_2' title="bbox 719 230 1918 942">
    <p class='ocr_par' dir='ltr' id='par_1_2' title="bbox 725 230 1518 289">
     <span class='ocr_line' id='line_1_2' title="bbox 725 230 1518 289; baseline -0.001 -15"><span class='ocrx_word' id='word_1_2' title='bbox 725 230 855 275; x_wconf 79' lang='grc' dir='ltr'><em>ὥκεῖα</em></span> <span class='ocrx_word' id='word_1_3' title='bbox 886 233 928 275; x_wconf 73' lang='grc' dir='ltr'>δ’</span> <span class='ocrx_word' id='word_1_4' title='bbox 958 233 1256 289; x_wconf 70' lang='grc' dir='ltr'><em>ἐπειγομένων</em></span> <span class='ocrx_word' id='word_1_5' title='bbox 1289 232 1369 289; x_wconf 80' lang='grc' dir='ltr'>ἤδη</span> <span class='ocrx_word' id='word_1_6' title='bbox 1402 235 1518 274; x_wconf 79' lang='grc' dir='ltr'><em>θεῶν</em></span> 
     </span>
    </p>

    <p class='ocr_par' dir='ltr' id='par_1_3' title="bbox 724 297 1763 435">
     <span class='ocr_line' id='line_1_3' title="bbox 724 297 1763 362; baseline -0.001 -15"><span class='ocrx_word' id='word_1_7' title='bbox 724 303 885 359; x_wconf 79' lang='grc' dir='ltr'><em>πρᾶξις</em></span> <span class='ocrx_word' id='word_1_8' title='bbox 914 303 1017 347; x_wconf 82' lang='grc' dir='ltr'><em>ὁδοί</em></span> <span class='ocrx_word' id='word_1_9' title='bbox 1041 320 1084 346; x_wconf 83' lang='grc' dir='ltr'>τε</span> <span class='ocrx_word' id='word_1_10' title='bbox 1115 308 1324 362; x_wconf 81' lang='grc' dir='ltr'><strong><em>βραχεῖαι.</em></strong></span> <span class='ocrx_word' id='word_1_11' title='bbox 1357 309 1474 347; x_wconf 85' lang='grc' dir='ltr'><em>κεῖνο</em></span> <span class='ocrx_word' id='word_1_12' title='bbox 1507 307 1611 346; x_wconf 76' lang='grc' dir='ltr'><em>κεῖν’</em></span> <span class='ocrx_word' id='word_1_13' title='bbox 1645 297 1763 359; x_wconf 82' lang='grc' dir='ltr'><em>ἆμαρ</em></span> 
     </span>
     <span class='ocr_line' id='line_1_4' title="bbox 838 377 1534 435; baseline -0.001 -16"><span class='ocrx_word' id='word_1_14' title='bbox 838 379 1077 420; x_wconf 75' lang='grc' dir='ltr'><em>διαίτασεν·</em></span> <span class='ocrx_word' id='word_1_15' title='bbox 1114 378 1300 435; x_wconf 76' lang='grc' dir='ltr'><em>θαλάμῳ</em></span> <span class='ocrx_word' id='word_1_16' title='bbox 1333 378 1377 419; x_wconf 78' lang='grc' dir='ltr'>δὲ</span> <span class='ocrx_word' id='word_1_17' title='bbox 1407 377 1534 434; x_wconf 78' lang='grc' dir='ltr'><em>μίγεν</em></span> 
     </span>
    </p>

    <p class='ocr_par' dir='ltr' id='par_1_4' title="bbox 721 449 1831 507">
     <span class='ocr_line' id='line_1_5' title="bbox 721 449 1831 507; baseline -0.001 -15"><span class='ocrx_word' id='word_1_18' title='bbox 721 452 770 492; x_wconf 79' lang='grc' dir='ltr'>ἕν</span> <span class='ocrx_word' id='word_1_19' title='bbox 799 451 1073 507; x_wconf 79' lang='grc' dir='ltr'><em>πολυχρύσῳ</em></span> <span class='ocrx_word' id='word_1_20' title='bbox 1103 451 1284 504; x_wconf 81' lang='grc' dir='ltr'><em>Λιβύας·</em></span> <span class='ocrx_word' id='word_1_21' title='bbox 1319 449 1389 491; x_wconf 63' lang='grc' dir='ltr'><em>ἵνα</em></span> <span class='ocrx_word' id='word_1_22' title='bbox 1420 451 1666 491; x_wconf 76' lang='grc' dir='ltr'><em>καλλίσταν</em></span> <span class='ocrx_word' id='word_1_23' title='bbox 1696 451 1831 491; x_wconf 83' lang='grc' dir='ltr'><em>πόλιν</em></span> 
     </span>
    </p>

    <p class='ocr_par' dir='ltr' id='par_1_5' title="bbox 722 521 1406 577">
     <span class='ocr_line' id='line_1_6' title="bbox 722 521 1406 577; baseline -0.003 -12"><span class='ocrx_word' id='word_1_24' title='bbox 722 521 912 577; x_wconf 66' lang='grc' dir='ltr'><em>ἀμφέπει</em></span> <span class='ocrx_word' id='word_1_25' title='bbox 944 524 1120 564; x_wconf 85' lang='grc' dir='ltr'><em>κλεινάν</em></span> <span class='ocrx_word' id='word_1_26' title='bbox 1150 525 1187 564; x_wconf 89' lang='grc' dir='ltr'>τ’</span> <span class='ocrx_word' id='word_1_27' title='bbox 1218 523 1406 572; x_wconf 75' lang='grc' dir='ltr'><em>ἀέθλοις.</em></span> 
     </span>
    </p>

    <p class='ocr_par' dir='ltr' id='par_1_6' title="bbox 725 585 1789 650">
     <span class='ocr_line' id='line_1_7' title="bbox 725 585 1789 650; baseline -0.001 -14"><span class='ocrx_word' id='word_1_28' title='bbox 725 595 804 636; x_wconf 81' lang='grc' dir='ltr'><em>καί</em></span> <span class='ocrx_word' id='word_1_29' title='bbox 827 585 916 637; x_wconf 32' lang='grc' dir='ltr'><em>νυν.</em></span> <span class='ocrx_word' id='word_1_30' title='bbox 938 595 987 637; x_wconf 74' lang='grc' dir='ltr'>ἓν</span> <span class='ocrx_word' id='word_1_31' title='bbox 1018 595 1219 637; x_wconf 77' lang='grc' dir='ltr'><em>Πυθῶνί</em></span> <span class='ocrx_word' id='word_1_32' title='bbox 1239 612 1309 637; x_wconf 92' lang='grc' dir='ltr'>νιν</span> <span class='ocrx_word' id='word_1_33' title='bbox 1341 592 1507 650; x_wconf 72' lang='grc' dir='ltr'><em>ἀγαθέᾳ</em></span> <span class='ocrx_word' id='word_1_34' title='bbox 1538 596 1789 648; x_wconf 74' lang='grc' dir='ltr'><em>Καρνειάδα</em></span> 
     </span>
    </p>

    <p class='ocr_par' dir='ltr' id='par_1_7' title="bbox 721 666 1422 723">
     <span class='ocr_line' id='line_1_8' title="bbox 721 666 1422 723; baseline -0.003 -13"><span class='ocrx_word' id='word_1_35' title='bbox 721 667 825 720; x_wconf 80' lang='grc' dir='ltr'><strong><em>υἱὸς</em></strong></span> <span class='ocrx_word' id='word_1_36' title='bbox 855 666 1037 711; x_wconf 73' lang='grc' dir='ltr'><em>εὐθαλεῖ</em></span> <span class='ocrx_word' id='word_1_37' title='bbox 1066 667 1267 722; x_wconf 76' lang='grc' dir='ltr'><em>συνέμιξε</em></span> <span class='ocrx_word' id='word_1_38' title='bbox 1299 667 1422 723; x_wconf 81' lang='grc' dir='ltr'><em>τύχᾳ·</em></span> 
     </span>
    </p>

    <p class='ocr_par' dir='ltr' id='par_1_8' title="bbox 720 732 1918 864">
     <span class='ocr_line' id='line_1_9' title="bbox 720 732 1918 795; baseline 0 -12"><span class='ocrx_word' id='word_1_39' title='bbox 720 740 828 784; x_wconf 68' lang='grc' dir='ltr'><em>ἔνθα</em></span> <span class='ocrx_word' id='word_1_40' title='bbox 860 743 1065 791; x_wconf 79' lang='grc' dir='ltr'><em>νικάσαις</em></span> <span class='ocrx_word' id='word_1_41' title='bbox 1096 740 1285 795; x_wconf 75' lang='grc' dir='ltr'><em>ἀνέφανε</em></span> <span class='ocrx_word' id='word_1_42' title='bbox 1318 739 1547 793; x_wconf 77' lang='grc' dir='ltr'><em>Κυράναν,</em></span> <span class='ocrx_word' id='word_1_43' title='bbox 1579 739 1605 781; x_wconf 79' lang='lat' dir='ltr'>c‘i</span> <span class='ocrx_word' id='word_1_44' title='bbox 1639 732 1918 795; x_wconf 48' lang='lat' dir='ltr'>vtvrz&#39;J&#39;qumv</span> 
     </span>
     <span class='ocr_line' id='line_1_10' title="bbox 838 814 1001 864; baseline -0.006 -9"><span class='ocrx_word' id='word_1_45' title='bbox 838 814 1001 864; x_wconf 75' lang='grc' dir='ltr'><em>ὸε’ξεται</em></span> 
     </span>
    </p>

    <p class='ocr_par' dir='ltr' id='par_1_9' title="bbox 719 888 1200 942">
     <span class='ocr_line' id='line_1_11' title="bbox 719 888 1200 942; baseline -0.002 -15"><span class='ocrx_word' id='word_1_46' title='bbox 719 888 1024 942; x_wconf 73' lang='grc' dir='ltr'><em>καλλιγύναικι</em></span> <span class='ocrx_word' id='word_1_47' title='bbox 1054 888 1200 942; x_wconf 77' lang='grc' dir='ltr'><em>πάτρᾳ</em></span> 
     </span>
    </p>
   </div>
   <div class='ocr_carea' id='block_1_3' title="bbox 720 956 1666 1013">
    <p class='ocr_par' dir='ltr' id='par_1_10' title="bbox 720 956 1666 1013">
     <span class='ocr_line' id='line_1_12' title="bbox 720 956 1666 1013; baseline -0.001 -12"><span class='ocrx_word' id='word_1_48' title='bbox 720 960 855 1009; x_wconf 65' lang='grc' dir='ltr'><em>δόξαν</em></span> <span class='ocrx_word' id='word_1_49' title='bbox 889 959 1075 1013; x_wconf 71' lang='grc' dir='ltr'><em>ἱμερτὰν</em></span> <span class='ocrx_word' id='word_1_50' title='bbox 1106 958 1319 1013; x_wconf 76' lang='grc' dir='ltr'><em>ἀγαγόντ’</em></span> <span class='ocrx_word' id='word_1_51' title='bbox 1353 956 1439 999; x_wconf 75' lang='grc' dir='ltr'>ἀπὸ</span> <span class='ocrx_word' id='word_1_52' title='bbox 1473 959 1666 1011; x_wconf 71' lang='grc' dir='ltr'><em>Δελφῶν.</em></span> 
     </span>
    </p>
   </div>
   <div class='ocr_carea' id='block_1_4' title="bbox 145 1064 2591 3268">
    <p class='ocr_par' dir='ltr' id='par_1_11' title="bbox 147 1064 2539 1187">
     <span class='ocr_line' id='line_1_13' title="bbox 330 1064 2539 1124; baseline 0.002 -17"><span class='ocrx_word' id='word_1_53' title='bbox 330 1066 506 1109; x_wconf 83' lang='lat' dir='ltr'>Praeter</span> <span class='ocrx_word' id='word_1_54' title='bbox 538 1080 611 1108; x_wconf 88' lang='lat' dir='ltr'>eas</span> <span class='ocrx_word' id='word_1_55' title='bbox 656 1080 761 1120; x_wconf 85' lang='lat' dir='ltr'>quas</span> <span class='ocrx_word' id='word_1_56' title='bbox 796 1065 1210 1107; x_wconf 90' lang='lat' dir='ltr'>commemoravimus</span> <span class='ocrx_word' id='word_1_57' title='bbox 1252 1064 1419 1105; x_wconf 81' lang='lat' dir='ltr'>fabulas</span> <span class='ocrx_word' id='word_1_58' title='bbox 1460 1065 1544 1105; x_wconf 88' lang='lat' dir='ltr'>alia</span> <span class='ocrx_word' id='word_1_59' title='bbox 1577 1065 1628 1106; x_wconf 86' lang='lat' dir='ltr'>de</span> <span class='ocrx_word' id='word_1_60' title='bbox 1670 1066 1839 1121; x_wconf 74' lang='lat' dir='ltr'>Cyrene</span> <span class='ocrx_word' id='word_1_61' title='bbox 1878 1067 2063 1121; x_wconf 82' lang='lat' dir='ltr'><strong>nympha</strong></span> <span class='ocrx_word' id='word_1_62' title='bbox 2107 1069 2329 1111; x_wconf 81' lang='lat' dir='ltr'>memoriae</span> <span class='ocrx_word' id='word_1_63' title='bbox 2369 1069 2539 1124; x_wconf 81' lang='lat' dir='ltr'>prodita</span> 
     </span>
     <span class='ocr_line' id='line_1_14' title="bbox 147 1148 221 1187; baseline -0.027 -1"><span class='ocrx_word' id='word_1_64' title='bbox 147 1148 221 1187; x_wconf 83' lang='lat' dir='ltr'>est.</span> 
     </span>
    </p>

    <p class='ocr_par' dir='ltr' id='par_1_12' title="bbox 147 1218 2591 1887">
     <span class='ocr_line' id='line_1_15' title="bbox 332 1218 2536 1275; baseline 0.001 -15"><span class='ocrx_word' id='word_1_65' title='bbox 332 1220 491 1262; x_wconf 89' lang='lat' dir='ltr'>Dicunt</span> <span class='ocrx_word' id='word_1_66' title='bbox 523 1220 633 1261; x_wconf 88' lang='lat' dir='ltr'>enim</span> <span class='ocrx_word' id='word_1_67' title='bbox 665 1220 948 1275; x_wconf 88' lang='lat' dir='ltr'>Euryphilum</span> <span class='ocrx_word' id='word_1_68' title='bbox 968 1220 1133 1274; x_wconf 71' lang='lat' dir='ltr'>Libyae</span> <span class='ocrx_word' id='word_1_69' title='bbox 1166 1231 1309 1271; x_wconf 86' lang='lat' dir='ltr'>regem</span> <span class='ocrx_word' id='word_1_70' title='bbox 1342 1218 1463 1271; x_wconf 86' lang='lat' dir='ltr'>regni</span> <span class='ocrx_word' id='word_1_71' title='bbox 1497 1218 1561 1259; x_wconf 91' lang='lat' dir='ltr'>sui</span> <span class='ocrx_word' id='word_1_72' title='bbox 1594 1223 1757 1273; x_wconf 88' lang='lat' dir='ltr'>partem</span> <span class='ocrx_word' id='word_1_73' title='bbox 1779 1219 1818 1259; x_wconf 91' lang='grc'>61</span> <span class='ocrx_word' id='word_1_74' title='bbox 1840 1220 2099 1274; x_wconf 78' lang='lat' dir='ltr'>promisisse,</span> <span class='ocrx_word' id='word_1_75' title='bbox 2123 1220 2193 1274; x_wconf 91' lang='lat' dir='ltr'>qui</span> <span class='ocrx_word' id='word_1_76' title='bbox 2214 1222 2375 1263; x_wconf 89' lang='lat' dir='ltr'>leonem</span> <span class='ocrx_word' id='word_1_77' title='bbox 2398 1222 2536 1275; x_wconf 86' lang='lat' dir='ltr'>regio·</span> 
     </span>
     <span class='ocr_line' id='line_1_16' title="bbox 148 1295 2537 1353; baseline 0.002 -16"><span class='ocrx_word' id='word_1_78' title='bbox 148 1310 242 1338; x_wconf 90' lang='lat' dir='ltr'>nem</span> <span class='ocrx_word' id='word_1_79' title='bbox 275 1297 391 1338; x_wconf 90' lang='lat' dir='ltr'>illam</span> <span class='ocrx_word' id='word_1_80' title='bbox 424 1297 636 1338; x_wconf 89' lang='lat' dir='ltr'>hominnm</span> <span class='ocrx_word' id='word_1_81' title='bbox 679 1301 805 1351; x_wconf 91' lang='lat' dir='ltr'>atque</span> <span class='ocrx_word' id='word_1_82' title='bbox 849 1296 1014 1351; x_wconf 87' lang='lat' dir='ltr'>peeoris</span> <span class='ocrx_word' id='word_1_83' title='bbox 1054 1295 1272 1348; x_wconf 81' lang='lat' dir='ltr'>stragibus</span> <span class='ocrx_word' id='word_1_84' title='bbox 1313 1295 1580 1335; x_wconf 84' lang='lat' dir='ltr'>infestantem</span> <span class='ocrx_word' id='word_1_85' title='bbox 1613 1295 1921 1349; x_wconf 70' lang='lat' dir='ltr'>interfecisset,</span> <span class='ocrx_word' id='word_1_86' title='bbox 1967 1310 2047 1350; x_wconf 88' lang='lat' dir='ltr'>qua</span> <span class='ocrx_word' id='word_1_87' title='bbox 2081 1311 2222 1351; x_wconf 89' lang='lat' dir='ltr'>pugna</span> <span class='ocrx_word' id='word_1_88' title='bbox 2255 1304 2453 1353; x_wconf 85' lang='lat' dir='ltr'>suscepta</span> <span class='ocrx_word' id='word_1_89' title='bbox 2484 1312 2537 1340; x_wconf 83' lang='lat' dir='ltr'>ac</span> 
     </span>
     <span class='ocr_line' id='line_1_17' title="bbox 147 1371 2532 1430; baseline 0.001 -15"><span class='ocrx_word' id='word_1_90' title='bbox 147 1374 327 1416; x_wconf 81' lang='lat' dir='ltr'>feliciter</span> <span class='ocrx_word' id='word_1_91' title='bbox 368 1379 588 1429; x_wconf 83' lang='lat' dir='ltr'>superata,</span> <span class='ocrx_word' id='word_1_92' title='bbox 637 1373 833 1430; x_wconf 84' lang='lat' dir='ltr'>Cyrenen</span> <span class='ocrx_word' id='word_1_93' title='bbox 882 1373 1113 1428; x_wconf 87' lang='lat' dir='ltr'>praemium</span> <span class='ocrx_word' id='word_1_94' title='bbox 1157 1372 1418 1427; x_wconf 91' lang='lat' dir='ltr'>propositum</span> <span class='ocrx_word' id='word_1_95' title='bbox 1460 1373 1690 1427; x_wconf 84' lang='lat' dir='ltr'>accepisse.</span> <span class='ocrx_word' id='word_1_96' title='bbox 1767 1371 1850 1414; x_wconf 81' lang='lat' dir='ltr'>Sed</span> <span class='ocrx_word' id='word_1_97' title='bbox 1892 1373 2001 1417; x_wconf 86' lang='lat' dir='ltr'>hane</span> <span class='ocrx_word' id='word_1_98' title='bbox 2045 1388 2097 1414; x_wconf 87' lang='lat' dir='ltr'>an</span> <span class='ocrx_word' id='word_1_99' title='bbox 2141 1375 2315 1417; x_wconf 89' lang='lat' dir='ltr'>alteram</span> <span class='ocrx_word' id='word_1_100' title='bbox 2344 1376 2532 1417; x_wconf 79' lang='lat' dir='ltr'>fabulam</span> 
     </span>
     <span class='ocr_line' id='line_1_18' title="bbox 148 1449 2535 1506; baseline 0.001 -14"><span class='ocrx_word' id='word_1_101' title='bbox 148 1452 352 1504; x_wconf 90' lang='lat' dir='ltr'>sequaris,</span> <span class='ocrx_word' id='word_1_102' title='bbox 393 1452 447 1492; x_wconf 86' lang='lat' dir='ltr'>ad</span> <span class='ocrx_word' id='word_1_103' title='bbox 486 1452 622 1505; x_wconf 88' lang='lat' dir='ltr'>ipsam</span> <span class='ocrx_word' id='word_1_104' title='bbox 663 1451 874 1506; x_wconf 80' lang='lat' dir='ltr'>nymphae</span> <span class='ocrx_word' id='word_1_105' title='bbox 918 1455 1110 1491; x_wconf 88' lang='lat' dir='ltr'>naturam</span> <span class='ocrx_word' id='word_1_106' title='bbox 1150 1463 1233 1490; x_wconf 90' lang='lat' dir='ltr'>non</span> <span class='ocrx_word' id='word_1_107' title='bbox 1273 1449 1446 1490; x_wconf 90' lang='lat' dir='ltr'>multum</span> <span class='ocrx_word' id='word_1_108' title='bbox 1488 1449 1692 1490; x_wconf 76' lang='lat' dir='ltr'>interesse</span> <span class='ocrx_word' id='word_1_109' title='bbox 1737 1449 1912 1490; x_wconf 79' lang='lat' dir='ltr'>videtur.</span> <span class='ocrx_word' id='word_1_110' title='bbox 1978 1451 2165 1492; x_wconf 80' lang='lat' dir='ltr'>Eandem</span> <span class='ocrx_word' id='word_1_111' title='bbox 2207 1453 2315 1492; x_wconf 90' lang='lat' dir='ltr'>enim</span> <span class='ocrx_word' id='word_1_112' title='bbox 2348 1453 2535 1493; x_wconf 90' lang='lat' dir='ltr'>fabulam</span> 
     </span>
     <span class='ocr_line' id='line_1_19' title="bbox 148 1526 2536 1583; baseline 0 -13"><span class='ocrx_word' id='word_1_113' title='bbox 148 1542 276 1583; x_wconf 86' lang='lat' dir='ltr'>saepe</span> <span class='ocrx_word' id='word_1_114' title='bbox 309 1542 447 1570; x_wconf 91' lang='lat' dir='ltr'>rerum</span> <span class='ocrx_word' id='word_1_115' title='bbox 481 1529 733 1583; x_wconf 86' lang='lat' dir='ltr'>scriptorum</span> <span class='ocrx_word' id='word_1_116' title='bbox 765 1534 891 1582; x_wconf 87' lang='lat' dir='ltr'>atquc</span> <span class='ocrx_word' id='word_1_117' title='bbox 922 1532 1139 1581; x_wconf 85' lang='lat' dir='ltr'>poetarum</span> <span class='ocrx_word' id='word_1_118' title='bbox 1171 1531 1262 1568; x_wconf 85' lang='lat' dir='ltr'>arte</span> <span class='ocrx_word' id='word_1_119' title='bbox 1294 1530 1514 1579; x_wconf 80' lang='lat' dir='ltr'>mutatam,</span> <span class='ocrx_word' id='word_1_120' title='bbox 1548 1526 1870 1580; x_wconf 86' lang='lat' dir='ltr'>amplificatam,</span> <span class='ocrx_word' id='word_1_121' title='bbox 1904 1533 2148 1569; x_wconf 76' lang='lat' dir='ltr'>exornatam</span> <span class='ocrx_word' id='word_1_122' title='bbox 2179 1542 2293 1583; x_wconf 86' lang='lat' dir='ltr'>esse,</span> <span class='ocrx_word' id='word_1_123' title='bbox 2327 1530 2536 1583; x_wconf 88' lang='lat' dir='ltr'>permulta</span> 
     </span>
     <span class='ocr_line' id='line_1_20' title="bbox 148 1603 2535 1660; baseline 0 -14"><span class='ocrx_word' id='word_1_124' title='bbox 148 1604 376 1647; x_wconf 83' lang='lat' dir='ltr'>declarant.</span> <span class='ocrx_word' id='word_1_125' title='bbox 426 1605 560 1647; x_wconf 90' lang='lat' dir='ltr'>Porro</span> <span class='ocrx_word' id='word_1_126' title='bbox 594 1620 662 1647; x_wconf 82' lang='lat' dir='ltr'>res</span> <span class='ocrx_word' id='word_1_127' title='bbox 695 1620 722 1646; x_wconf 87' lang='lat' dir='ltr'>a</span> <span class='ocrx_word' id='word_1_128' title='bbox 758 1603 926 1660; x_wconf 69' lang='lat' dir='ltr'>Cyrene</span> <span class='ocrx_word' id='word_1_129' title='bbox 962 1604 1148 1660; x_wconf 69' lang='lat' dir='ltr'>nympha</span> <span class='ocrx_word' id='word_1_130' title='bbox 1180 1608 1328 1657; x_wconf 79' lang='lat' dir='ltr'>gestae</span> <span class='ocrx_word' id='word_1_131' title='bbox 1361 1603 1414 1644; x_wconf 87' lang='lat' dir='ltr'>ad</span> <span class='ocrx_word' id='word_1_132' title='bbox 1447 1603 1553 1645; x_wconf 88' lang='lat' dir='ltr'>alias</span> <span class='ocrx_word' id='word_1_133' title='bbox 1588 1617 1715 1658; x_wconf 81' lang='lat' dir='ltr'>saepe</span> <span class='ocrx_word' id='word_1_134' title='bbox 1748 1604 1981 1646; x_wconf 76' lang='lat' dir='ltr'>translatae</span> <span class='ocrx_word' id='word_1_135' title='bbox 2013 1610 2119 1647; x_wconf 89' lang='lat' dir='ltr'>sunt.</span> <span class='ocrx_word' id='word_1_136' title='bbox 2169 1605 2238 1647; x_wconf 83' lang='lat' dir='ltr'>Sic</span> <span class='ocrx_word' id='word_1_137' title='bbox 2269 1611 2312 1647; x_wconf 89' lang='lat' dir='ltr'>ut</span> <span class='ocrx_word' id='word_1_138' title='bbox 2334 1620 2356 1647; x_wconf 89' lang='grc'>6</span> <span class='ocrx_word' id='word_1_139' title='bbox 2380 1620 2535 1660; x_wconf 86' lang='lat' dir='ltr'>magna</span> 
     </span>
     <span class='ocr_line' id='line_1_21' title="bbox 148 1666 2591 1737; baseline 0.001 -16"><span class='ocrx_word' id='word_1_140' title='bbox 148 1681 434 1736; x_wconf 82' lang='lat' dir='ltr'>exemplorum</span> <span class='ocrx_word' id='word_1_141' title='bbox 489 1682 608 1737; x_wconf 88' lang='lat' dir='ltr'>copia</span> <span class='ocrx_word' id='word_1_142' title='bbox 663 1694 790 1723; x_wconf 91' lang='lat' dir='ltr'>unum</span> <span class='ocrx_word' id='word_1_143' title='bbox 839 1681 1081 1734; x_wconf 87' lang='lat' dir='ltr'>afferamus,</span> <span class='ocrx_word' id='word_1_144' title='bbox 1130 1679 1241 1735; x_wconf 90' lang='lat' dir='ltr'>apud</span> <span class='ocrx_word' id='word_1_145' title='bbox 1289 1679 1507 1721; x_wconf 87' lang='lat' dir='ltr'>Aurelium</span> <span class='ocrx_word' id='word_1_146' title='bbox 1550 1679 1763 1721; x_wconf 76' lang='lat' dir='ltr'>Victorem</span> <span class='ocrx_word' id='word_1_147' title='bbox 1813 1680 2016 1734; x_wconf 75' lang='lat' dir='ltr'>legimus,</span> <span class='ocrx_word' id='word_1_148' title='bbox 2066 1679 2265 1723; x_wconf 81' lang='lat' dir='ltr'>Creusam</span> <span class='ocrx_word' id='word_1_149' title='bbox 2313 1687 2535 1724; x_wconf 77' lang='lat' dir='ltr'>venustam</span> <span class='ocrx_word' id='word_1_150' title='bbox 2586 1666 2591 1670; x_wconf 89' lang='lat'>.</span> 
     </span>
     <span class='ocr_line' id='line_1_22' title="bbox 147 1755 2533 1813; baseline 0.001 -16"><span class='ocrx_word' id='word_1_151' title='bbox 147 1757 375 1797; x_wconf 78' lang='lat' dir='ltr'>Erechthei</span> <span class='ocrx_word' id='word_1_152' title='bbox 420 1757 742 1798; x_wconf 83' lang='lat' dir='ltr'>Atheniensium</span> <span class='ocrx_word' id='word_1_153' title='bbox 783 1757 899 1810; x_wconf 81' lang='lat' dir='ltr'>regis</span> <span class='ocrx_word' id='word_1_154' title='bbox 942 1757 1095 1809; x_wconf 78' lang='lat' dir='ltr'>filiam,</span> <span class='ocrx_word' id='word_1_155' title='bbox 1138 1757 1192 1796; x_wconf 85' lang='lat' dir='ltr'>ab</span> <span class='ocrx_word' id='word_1_156' title='bbox 1231 1755 1430 1810; x_wconf 86' lang='lat' dir='ltr'>Apolline</span> <span class='ocrx_word' id='word_1_157' title='bbox 1476 1761 1638 1810; x_wconf 84' lang='lat' dir='ltr'>raptam</span> <span class='ocrx_word' id='word_1_158' title='bbox 1681 1761 1807 1809; x_wconf 84' lang='lat' dir='ltr'>atquc</span> <span class='ocrx_word' id='word_1_159' title='bbox 1850 1757 1892 1797; x_wconf 93' lang='lat' dir='ltr'>in</span> <span class='ocrx_word' id='word_1_160' title='bbox 1933 1757 2117 1813; x_wconf 72' lang='lat' dir='ltr'>Libyam</span> <span class='ocrx_word' id='word_1_161' title='bbox 2148 1758 2367 1799; x_wconf 81' lang='lat' dir='ltr'>abductam</span> <span class='ocrx_word' id='word_1_162' title='bbox 2401 1758 2533 1799; x_wconf 90' lang='lat' dir='ltr'>filium</span> 
     </span>
     <span class='ocr_line' id='line_1_23' title="bbox 149 1833 2025 1887; baseline 0.001 -14"><span class='ocrx_word' id='word_1_163' title='bbox 149 1834 380 1887; x_wconf 77' lang='lat' dir='ltr'>peperisse,</span> <span class='ocrx_word' id='word_1_164' title='bbox 414 1848 440 1874; x_wconf 90' lang='lat' dir='ltr'>a</span> <span class='ocrx_word' id='word_1_165' title='bbox 472 1840 592 1887; x_wconf 89' lang='lat' dir='ltr'>patre</span> <span class='ocrx_word' id='word_1_166' title='bbox 625 1835 823 1887; x_wconf 86' lang='lat' dir='ltr'>Apolline</span> <span class='ocrx_word' id='word_1_167' title='bbox 857 1834 1006 1873; x_wconf 89' lang='lat' dir='ltr'>deinde</span> <span class='ocrx_word' id='word_1_168' title='bbox 1040 1833 1231 1886; x_wconf 80' lang='lat' dir='ltr'>Delphos</span> <span class='ocrx_word' id='word_1_169' title='bbox 1264 1834 1450 1884; x_wconf 86' lang='lat' dir='ltr'>missum,</span> <span class='ocrx_word' id='word_1_170' title='bbox 1484 1833 1555 1872; x_wconf 90' lang='grc'><strong>11111</strong></span> <span class='ocrx_word' id='word_1_171' title='bbox 1588 1833 1731 1873; x_wconf 83' lang='lat' dir='ltr'>furtim</span> <span class='ocrx_word' id='word_1_172' title='bbox 1766 1834 2025 1874; x_wconf 81' lang='lat' dir='ltr'>educaretur.</span> 
     </span>
    </p>

    <p class='ocr_par' dir='ltr' id='par_1_13' title="bbox 148 1908 2534 2042">
     <span class='ocr_line' id='line_1_24' title="bbox 333 1908 2534 1965; baseline 0 -13"><span class='ocrx_word' id='word_1_173' title='bbox 333 1910 495 1952; x_wconf 86' lang='lat' dir='ltr'>Eadem</span> <span class='ocrx_word' id='word_1_174' title='bbox 528 1910 579 1953; x_wconf 91' lang='lat' dir='ltr'>de</span> <span class='ocrx_word' id='word_1_175' title='bbox 612 1909 810 1953; x_wconf 84' lang='lat' dir='ltr'>Aristaeo</span> <span class='ocrx_word' id='word_1_176' title='bbox 844 1909 1057 1965; x_wconf 81' lang='lat' dir='ltr'>Apollinis</span> <span class='ocrx_word' id='word_1_177' title='bbox 1090 1914 1215 1962; x_wconf 89' lang='lat' dir='ltr'>atque</span> <span class='ocrx_word' id='word_1_178' title='bbox 1249 1908 1439 1965; x_wconf 71' lang='lat' dir='ltr'>Cyrenes</span> <span class='ocrx_word' id='word_1_179' title='bbox 1481 1909 1568 1950; x_wconf 92' lang='lat' dir='ltr'>filio</span> <span class='ocrx_word' id='word_1_180' title='bbox 1610 1911 1722 1951; x_wconf 83' lang='lat' dir='ltr'>fama</span> <span class='ocrx_word' id='word_1_181' title='bbox 1763 1911 1953 1960; x_wconf 72' lang='lat' dir='ltr'>valebat.v</span> <span class='ocrx_word' id='word_1_182' title='bbox 2000 1926 2119 1964; x_wconf 86' lang='lat' dir='ltr'>quem</span> <span class='ocrx_word' id='word_1_183' title='bbox 2150 1912 2221 1952; x_wconf 90' lang='lat' dir='ltr'>alii</span> <span class='ocrx_word' id='word_1_184' title='bbox 2256 1912 2399 1953; x_wconf 89' lang='lat' dir='ltr'>dicunt</span> <span class='ocrx_word' id='word_1_185' title='bbox 2433 1912 2534 1953; x_wconf 90' lang='lat' dir='ltr'>Del-</span> 
     </span>
     <span class='ocr_line' id='line_1_25' title="bbox 148 1986 1739 2042; baseline 0.001 -14"><span class='ocrx_word' id='word_1_186' title='bbox 148 1986 267 2042; x_wconf 87' lang='lat' dir='ltr'>phos,</span> <span class='ocrx_word' id='word_1_187' title='bbox 301 1987 376 2029; x_wconf 87' lang='lat' dir='ltr'>alii</span> <span class='ocrx_word' id='word_1_188' title='bbox 409 1987 450 2029; x_wconf 88' lang='lat' dir='ltr'>in</span> <span class='ocrx_word' id='word_1_189' title='bbox 486 1986 617 2030; x_wconf 87' lang='lat' dir='ltr'>Coum</span> <span class='ocrx_word' id='word_1_190' title='bbox 651 1987 832 2030; x_wconf 89' lang='lat' dir='ltr'>insulam</span> <span class='ocrx_word' id='word_1_191' title='bbox 865 1987 1040 2029; x_wconf 87' lang='lat' dir='ltr'>missum</span> <span class='ocrx_word' id='word_1_192' title='bbox 1073 2000 1189 2040; x_wconf 84' lang='lat' dir='ltr'>esse,</span> <span class='ocrx_word' id='word_1_193' title='bbox 1222 1987 1294 2028; x_wconf 92' lang='lat' dir='ltr'>ubi</span> <span class='ocrx_word' id='word_1_194' title='bbox 1327 1986 1435 2028; x_wconf 82' lang='lat' dir='ltr'>clam</span> <span class='ocrx_word' id='word_1_195' title='bbox 1468 1986 1739 2030; x_wconf 79' lang='lat' dir='ltr'>adolesceret.</span> 
     </span>
    </p>

    <p class='ocr_par' dir='ltr' id='par_1_14' title="bbox 148 2062 2537 2271">
     <span class='ocr_line' id='line_1_26' title="bbox 335 2062 2537 2120; baseline 0.001 -14"><span class='ocrx_word' id='word_1_196' title='bbox 335 2062 452 2119; x_wconf 82' lang='lat' dir='ltr'>Sunt,</span> <span class='ocrx_word' id='word_1_197' title='bbox 487 2064 556 2119; x_wconf 87' lang='grc'><strong>11111</strong></span> <span class='ocrx_word' id='word_1_198' title='bbox 589 2064 743 2119; x_wconf 83' lang='grc'><strong>111611111,</strong></span> <span class='ocrx_word' id='word_1_199' title='bbox 777 2063 943 2106; x_wconf 89' lang='lat' dir='ltr'>unicum</span> <span class='ocrx_word' id='word_1_200' title='bbox 979 2062 1173 2120; x_wconf 70' lang='lat' dir='ltr'>Cyrenae</span> <span class='ocrx_word' id='word_1_201' title='bbox 1204 2062 1336 2105; x_wconf 89' lang='lat' dir='ltr'>filium</span> <span class='ocrx_word' id='word_1_202' title='bbox 1353 2062 1593 2106; x_wconf 86' lang='lat' dir='ltr'>Aristaeum</span> <span class='ocrx_word' id='word_1_203' title='bbox 1628 2063 1773 2117; x_wconf 85' lang='lat' dir='ltr'>fuisse,</span> <span class='ocrx_word' id='word_1_204' title='bbox 1808 2063 1877 2119; x_wconf 84' lang='lat' dir='ltr'>qui</span> <span class='ocrx_word' id='word_1_205' title='bbox 1907 2062 2164 2120; x_wconf 68' lang='lat' dir='ltr'>Cyrenarum</span> <span class='ocrx_word' id='word_1_206' title='bbox 2196 2063 2312 2107; x_wconf 89' lang='lat' dir='ltr'>urbis</span> <span class='ocrx_word' id='word_1_207' title='bbox 2344 2064 2537 2108; x_wconf 88' lang='lat' dir='ltr'>conditor</span> 
     </span>
     <span class='ocr_line' id='line_1_27' title="bbox 150 2140 2536 2197; baseline 0.002 -18"><span class='ocrx_word' id='word_1_208' title='bbox 150 2140 396 2194; x_wconf 85' lang='lat' dir='ltr'>colendique</span> <span class='ocrx_word' id='word_1_209' title='bbox 421 2142 629 2197; x_wconf 87' lang='lat' dir='ltr'>laserpitii</span> <span class='ocrx_word' id='word_1_210' title='bbox 648 2147 793 2182; x_wconf 84' lang='lat' dir='ltr'>auctor</span> <span class='ocrx_word' id='word_1_211' title='bbox 811 2142 947 2182; x_wconf 87' lang='lat' dir='ltr'>fuerit.</span> <span class='ocrx_word' id='word_1_212' title='bbox 990 2142 1099 2182; x_wconf 85' lang='lat' dir='ltr'>Aliis</span> <span class='ocrx_word' id='word_1_213' title='bbox 1117 2146 1256 2181; x_wconf 90' lang='lat' dir='ltr'>tamen</span> <span class='ocrx_word' id='word_1_214' title='bbox 1274 2141 1328 2180; x_wconf 90' lang='lat' dir='ltr'>ab</span> <span class='ocrx_word' id='word_1_215' title='bbox 1349 2141 1578 2184; x_wconf 83' lang='lat' dir='ltr'>autoribus.</span> <span class='ocrx_word' id='word_1_216' title='bbox 1603 2145 1648 2181; x_wconf 91' lang='lat' dir='ltr'>ut</span> <span class='ocrx_word' id='word_1_217' title='bbox 1672 2153 1802 2195; x_wconf 86' lang='lat' dir='ltr'>supra</span> <span class='ocrx_word' id='word_1_218' title='bbox 1826 2141 2018 2191; x_wconf 76' lang='lat' dir='ltr'>diximus,</span> <span class='ocrx_word' id='word_1_219' title='bbox 2045 2146 2219 2195; x_wconf 82' lang='lat' dir='ltr'>constat,</span> <span class='ocrx_word' id='word_1_220' title='bbox 2239 2141 2407 2183; x_wconf 89' lang='lat' dir='ltr'>Battum</span> <span class='ocrx_word' id='word_1_221' title='bbox 2432 2142 2536 2185; x_wconf 83' lang='lat' dir='ltr'>civi-</span> 
     </span>
     <span class='ocr_line' id='line_1_28' title="bbox 148 2218 2537 2271; baseline 0.002 -15"><span class='ocrx_word' id='word_1_222' title='bbox 148 2218 248 2257; x_wconf 91' lang='lat' dir='ltr'>tatis</span> <span class='ocrx_word' id='word_1_223' title='bbox 273 2218 529 2260; x_wconf 85' lang='lat' dir='ltr'>conditorem</span> <span class='ocrx_word' id='word_1_224' title='bbox 555 2219 699 2258; x_wconf 78' lang='lat' dir='ltr'>fnisse.</span> <span class='ocrx_word' id='word_1_225' title='bbox 748 2219 974 2259; x_wconf 84' lang='lat' dir='ltr'>Praeterea</span> <span class='ocrx_word' id='word_1_226' title='bbox 1001 2218 1225 2257; x_wconf 87' lang='lat' dir='ltr'>memoriae</span> <span class='ocrx_word' id='word_1_227' title='bbox 1248 2218 1458 2271; x_wconf 89' lang='lat' dir='ltr'>proditum</span> <span class='ocrx_word' id='word_1_228' title='bbox 1484 2223 1560 2265; x_wconf 81' lang='lat' dir='ltr'>est,</span> <span class='ocrx_word' id='word_1_229' title='bbox 1586 2231 1676 2257; x_wconf 84' lang='lat' dir='ltr'>eam</span> <span class='ocrx_word' id='word_1_230' title='bbox 1701 2219 1918 2258; x_wconf 90' lang='lat' dir='ltr'>multorum</span> <span class='ocrx_word' id='word_1_231' title='bbox 1943 2219 2166 2259; x_wconf 88' lang='lat' dir='ltr'>liberorum</span> <span class='ocrx_word' id='word_1_232' title='bbox 2189 2223 2364 2259; x_wconf 89' lang='lat' dir='ltr'>matrem</span> <span class='ocrx_word' id='word_1_233' title='bbox 2389 2220 2537 2261; x_wconf 84' lang='lat' dir='ltr'>fuisse.</span> 
     </span>
    </p>

    <p class='ocr_par' dir='ltr' id='par_1_15' title="bbox 149 2293 2534 2412">
     <span class='ocr_line' id='line_1_29' title="bbox 332 2293 2534 2355; baseline 0.001 -20"><span class='ocrx_word' id='word_1_234' title='bbox 332 2294 426 2335; x_wconf 78' lang='lat' dir='ltr'>Hoc</span> <span class='ocrx_word' id='word_1_235' title='bbox 461 2295 628 2348; x_wconf 87' lang='lat' dir='ltr'>quidem</span> <span class='ocrx_word' id='word_1_236' title='bbox 660 2295 752 2336; x_wconf 90' lang='lat' dir='ltr'>loco</span> <span class='ocrx_word' id='word_1_237' title='bbox 786 2295 869 2335; x_wconf 88' lang='lat' dir='ltr'>iam</span> <span class='ocrx_word' id='word_1_238' title='bbox 903 2294 1162 2336; x_wconf 84' lang='lat' dir='ltr'>enarrandae</span> <span class='ocrx_word' id='word_1_239' title='bbox 1192 2293 1382 2349; x_wconf 66' lang='lat' dir='ltr'>Cyrenes</span> <span class='ocrx_word' id='word_1_240' title='bbox 1416 2294 1617 2355; x_wconf 82' lang='lat' dir='ltr'>historiae</span> <span class='ocrx_word' id='word_1_241' title='bbox 1650 2295 1773 2336; x_wconf 88' lang='lat' dir='ltr'>finem</span> <span class='ocrx_word' id='word_1_242' title='bbox 1806 2296 1943 2335; x_wconf 84' lang='lat' dir='ltr'>faeere</span> <span class='ocrx_word' id='word_1_243' title='bbox 1976 2295 2089 2339; x_wconf 82' lang='grc'><strong>11661,</strong></span> <span class='ocrx_word' id='word_1_244' title='bbox 2123 2295 2197 2336; x_wconf 83' lang='grc'><strong>5611</strong></span> <span class='ocrx_word' id='word_1_245' title='bbox 2230 2308 2312 2335; x_wconf 91' lang='grc'><strong>11011</strong></span> <span class='ocrx_word' id='word_1_246' title='bbox 2347 2302 2534 2349; x_wconf 87' lang='lat' dir='ltr'>praeter-</span> 
     </span>
     <span class='ocr_line' id='line_1_30' title="bbox 149 2366 1674 2412; baseline 0.001 -3"><span class='ocrx_word' id='word_1_247' title='bbox 149 2369 285 2410; x_wconf 88' lang='lat' dir='ltr'>eunda</span> <span class='ocrx_word' id='word_1_248' title='bbox 317 2370 438 2411; x_wconf 85' lang='lat' dir='ltr'>nobis</span> <span class='ocrx_word' id='word_1_249' title='bbox 472 2371 667 2412; x_wconf 81' lang='lat' dir='ltr'>videntur</span> <span class='ocrx_word' id='word_1_250' title='bbox 699 2366 939 2412; x_wconf 83' lang='lat' dir='ltr'>testimonia</span> <span class='ocrx_word' id='word_1_251' title='bbox 972 2371 1170 2412; x_wconf 85' lang='lat' dir='ltr'>materiae</span> <span class='ocrx_word' id='word_1_252' title='bbox 1204 2371 1482 2412; x_wconf 86' lang='lat' dir='ltr'>illustrandae</span> <span class='ocrx_word' id='word_1_253' title='bbox 1513 2371 1674 2411; x_wconf 82' lang='lat' dir='ltr'>idonea.</span> 
     </span>
    </p>

    <p class='ocr_par' dir='ltr' id='par_1_16' title="bbox 149 2446 2536 2574">
     <span class='ocr_line' id='line_1_31' title="bbox 333 2446 2536 2504; baseline 0.001 -16"><span class='ocrx_word' id='word_1_254' title='bbox 333 2446 599 2489; x_wconf 79' lang='lat' dir='ltr'>Gerhardius</span> <span class='ocrx_word' id='word_1_255' title='bbox 639 2449 682 2489; x_wconf 92' lang='lat' dir='ltr'>in</span> <span class='ocrx_word' id='word_1_256' title='bbox 722 2448 984 2504; x_wconf 73' lang='lat' dir='ltr'>mytholog-ia</span> <span class='ocrx_word' id='word_1_257' title='bbox 1025 2448 1192 2490; x_wconf 84' lang='lat' dir='ltr'>Graeca</span> <span class='ocrx_word' id='word_1_258' title='bbox 1231 2452 1394 2496; x_wconf 80' lang='lat' dir='ltr'>narrat,</span> <span class='ocrx_word' id='word_1_259' title='bbox 1435 2447 1631 2502; x_wconf 66' lang='lat' dir='ltr'>Cyrenen</span> <span class='ocrx_word' id='word_1_260' title='bbox 1672 2448 1714 2489; x_wconf 91' lang='grc'>111</span> <span class='ocrx_word' id='word_1_261' title='bbox 1756 2461 1894 2488; x_wconf 83' lang='lat' dir='ltr'>earum</span> <span class='ocrx_word' id='word_1_262' title='bbox 1932 2448 2140 2500; x_wconf 77' lang='lat' dir='ltr'>virginum</span> <span class='ocrx_word' id='word_1_263' title='bbox 2180 2461 2352 2489; x_wconf 90' lang='lat' dir='ltr'>numero</span> <span class='ocrx_word' id='word_1_264' title='bbox 2390 2449 2536 2501; x_wconf 86' lang='lat' dir='ltr'>fuisse,</span> 
     </span>
     <span class='ocr_line' id='line_1_32' title="bbox 149 2521 922 2574; baseline 0.004 -12"><span class='ocrx_word' id='word_1_265' title='bbox 149 2521 219 2574; x_wconf 91' lang='lat' dir='ltr'>qui</span> <span class='ocrx_word' id='word_1_266' title='bbox 253 2522 419 2565; x_wconf 86' lang='lat' dir='ltr'>Dianae</span> <span class='ocrx_word' id='word_1_267' title='bbox 452 2530 664 2566; x_wconf 67' lang='lat' dir='ltr'>catervam</span> <span class='ocrx_word' id='word_1_268' title='bbox 698 2525 922 2567; x_wconf 85' lang='lat' dir='ltr'>effecerint.</span> 
     </span>
    </p>

    <p class='ocr_par' dir='ltr' id='par_1_17' title="bbox 147 2599 2534 2732">
     <span class='ocr_line' id='line_1_33' title="bbox 332 2599 2534 2656; baseline 0.001 -15"><span class='ocrx_word' id='word_1_269' title='bbox 332 2599 388 2642; x_wconf 84' lang='lat' dir='ltr'>Et</span> <span class='ocrx_word' id='word_1_270' title='bbox 421 2614 547 2656; x_wconf 90' lang='lat' dir='ltr'>quum</span> <span class='ocrx_word' id='word_1_271' title='bbox 580 2607 791 2655; x_wconf 89' lang='lat' dir='ltr'>tenemus,</span> <span class='ocrx_word' id='word_1_272' title='bbox 826 2601 945 2643; x_wconf 88' lang='lat' dir='ltr'>deam</span> <span class='ocrx_word' id='word_1_273' title='bbox 979 2601 1190 2643; x_wconf 78' lang='lat' dir='ltr'>venationi</span> <span class='ocrx_word' id='word_1_274' title='bbox 1223 2601 1426 2643; x_wconf 84' lang='lat' dir='ltr'>intentam</span> <span class='ocrx_word' id='word_1_275' title='bbox 1458 2601 1611 2644; x_wconf 67' lang='lat' dir='ltr'>fuisse.</span> <span class='ocrx_word' id='word_1_276' title='bbox 1647 2601 1723 2642; x_wconf 88' lang='lat' dir='ltr'>hoc</span> <span class='ocrx_word' id='word_1_277' title='bbox 1766 2601 1977 2655; x_wconf 90' lang='lat' dir='ltr'>proprium</span> <span class='ocrx_word' id='word_1_278' title='bbox 2016 2614 2165 2643; x_wconf 89' lang='lat' dir='ltr'>munus</span> <span class='ocrx_word' id='word_1_279' title='bbox 2199 2601 2413 2644; x_wconf 75' lang='lat' dir='ltr'>videbitur</span> <span class='ocrx_word' id='word_1_280' title='bbox 2453 2603 2534 2644; x_wconf 79' lang='lat' dir='ltr'>vir-</span> 
     </span>
     <span class='ocr_line' id='line_1_34' title="bbox 147 2674 2431 2732; baseline 0.001 -18"><span class='ocrx_word' id='word_1_281' title='bbox 147 2674 284 2728; x_wconf 82' lang='lat' dir='ltr'>ginis,</span> <span class='ocrx_word' id='word_1_282' title='bbox 319 2689 425 2729; x_wconf 84' lang='lat' dir='ltr'>quae</span> <span class='ocrx_word' id='word_1_283' title='bbox 459 2691 551 2718; x_wconf 87' lang='lat' dir='ltr'>cum</span> <span class='ocrx_word' id='word_1_284' title='bbox 584 2679 703 2719; x_wconf 89' lang='lat' dir='ltr'>leone</span> <span class='ocrx_word' id='word_1_285' title='bbox 736 2680 919 2720; x_wconf 85' lang='lat' dir='ltr'>ferarum</span> <span class='ocrx_word' id='word_1_286' title='bbox 951 2691 1051 2731; x_wconf 86' lang='lat' dir='ltr'>rege</span> <span class='ocrx_word' id='word_1_287' title='bbox 1084 2683 1169 2718; x_wconf 91' lang='lat' dir='ltr'>tam</span> <span class='ocrx_word' id='word_1_288' title='bbox 1202 2678 1402 2719; x_wconf 86' lang='lat' dir='ltr'>audacter</span> <span class='ocrx_word' id='word_1_289' title='bbox 1435 2691 1677 2731; x_wconf 66' lang='lat' dir='ltr'>congressa,</span> <span class='ocrx_word' id='word_1_290' title='bbox 1714 2676 1927 2717; x_wconf 78' lang='lat' dir='ltr'>victoriam</span> <span class='ocrx_word' id='word_1_291' title='bbox 1961 2676 2011 2717; x_wconf 93' lang='lat' dir='ltr'>de</span> <span class='ocrx_word' id='word_1_292' title='bbox 2044 2690 2092 2717; x_wconf 88' lang='lat' dir='ltr'>eo</span> <span class='ocrx_word' id='word_1_293' title='bbox 2127 2684 2431 2732; x_wconf 77' lang='lat' dir='ltr'>reportaverat..</span> 
     </span>
    </p>

    <p class='ocr_par' dir='ltr' id='par_1_18' title="bbox 148 2751 2534 2887">
     <span class='ocr_line' id='line_1_35' title="bbox 332 2751 2534 2810; baseline 0.002 -17"><span class='ocrx_word' id='word_1_294' title='bbox 332 2751 416 2794; x_wconf 84' lang='lat' dir='ltr'>Sed</span> <span class='ocrx_word' id='word_1_295' title='bbox 449 2754 616 2796; x_wconf 86' lang='lat' dir='ltr'>silentio</span> <span class='ocrx_word' id='word_1_296' title='bbox 650 2755 881 2810; x_wconf 86' lang='lat' dir='ltr'>praeterire</span> <span class='ocrx_word' id='word_1_297' title='bbox 914 2768 997 2796; x_wconf 87' lang='lat' dir='ltr'>non</span> <span class='ocrx_word' id='word_1_298' title='bbox 1029 2767 1266 2810; x_wconf 83' lang='lat' dir='ltr'>possumus,</span> <span class='ocrx_word' id='word_1_299' title='bbox 1299 2754 1409 2796; x_wconf 88' lang='lat' dir='ltr'>inter</span> <span class='ocrx_word' id='word_1_300' title='bbox 1441 2767 1583 2796; x_wconf 91' lang='lat' dir='ltr'>omnes</span> <span class='ocrx_word' id='word_1_301' title='bbox 1618 2754 1792 2794; x_wconf 87' lang='lat' dir='ltr'>virtutes</span> <span class='ocrx_word' id='word_1_302' title='bbox 1825 2757 1950 2807; x_wconf 88' lang='lat' dir='ltr'>atque</span> <span class='ocrx_word' id='word_1_303' title='bbox 1990 2753 2235 2809; x_wconf 85' lang='lat' dir='ltr'>privilegia,</span> <span class='ocrx_word' id='word_1_304' title='bbox 2270 2755 2423 2809; x_wconf 89' lang='lat' dir='ltr'>quibus</span> <span class='ocrx_word' id='word_1_305' title='bbox 2457 2755 2534 2797; x_wconf 90' lang='lat' dir='ltr'>dea</span> 
     </span>
     <span class='ocr_line' id='line_1_36' title="bbox 148 2829 1892 2887; baseline 0.002 -20"><span class='ocrx_word' id='word_1_306' title='bbox 148 2829 492 2882; x_wconf 82' lang='lat' dir='ltr'>patrocinabatur</span> <span class='ocrx_word' id='word_1_307' title='bbox 525 2838 650 2886; x_wconf 89' lang='lat' dir='ltr'>atque</span> <span class='ocrx_word' id='word_1_308' title='bbox 683 2832 969 2887; x_wconf 83' lang='lat' dir='ltr'>gloriabatur,</span> <span class='ocrx_word' id='word_1_309' title='bbox 1003 2831 1181 2887; x_wconf 88' lang='lat' dir='ltr'>primum</span> <span class='ocrx_word' id='word_1_310' title='bbox 1214 2831 1350 2873; x_wconf 89' lang='lat' dir='ltr'>locum</span> <span class='ocrx_word' id='word_1_311' title='bbox 1384 2831 1618 2873; x_wconf 87' lang='lat' dir='ltr'>castitatem</span> <span class='ocrx_word' id='word_1_312' title='bbox 1652 2830 1892 2871; x_wconf 80' lang='lat' dir='ltr'>obtinuisse.</span> 
     </span>
    </p>

    <p class='ocr_par' dir='ltr' id='par_1_19' title="bbox 145 2903 2537 3103">
     <span class='ocr_line' id='line_1_37' title="bbox 332 2903 2537 2965; baseline 0.002 -18"><span class='ocrx_word' id='word_1_313' title='bbox 332 2905 403 2949; x_wconf 82' lang='lat' dir='ltr'>Sic</span> <span class='ocrx_word' id='word_1_314' title='bbox 436 2908 714 2963; x_wconf 84' lang='lat' dir='ltr'>viraginibus,</span> <span class='ocrx_word' id='word_1_315' title='bbox 749 2922 856 2963; x_wconf 87' lang='lat' dir='ltr'>quae</span> <span class='ocrx_word' id='word_1_316' title='bbox 888 2908 993 2951; x_wconf 88' lang='lat' dir='ltr'>deae</span> <span class='ocrx_word' id='word_1_317' title='bbox 1025 2909 1147 2963; x_wconf 88' lang='lat' dir='ltr'>quasi</span> <span class='ocrx_word' id='word_1_318' title='bbox 1179 2909 1369 2964; x_wconf 82' lang='lat' dir='ltr'>corporis</span> <span class='ocrx_word' id='word_1_319' title='bbox 1403 2909 1627 2965; x_wconf 75' lang='lat' dir='ltr'>stipatores</span> <span class='ocrx_word' id='word_1_320' title='bbox 1660 2903 1784 2961; x_wconf 85' lang='lat' dir='ltr'>atque</span> <span class='ocrx_word' id='word_1_321' title='bbox 1817 2907 2023 2957; x_wconf 86' lang='lat' dir='ltr'>satellites</span> <span class='ocrx_word' id='word_1_322' title='bbox 2057 2914 2195 2963; x_wconf 85' lang='lat' dir='ltr'>erant,</span> <span class='ocrx_word' id='word_1_323' title='bbox 2223 2914 2447 2963; x_wconf 88' lang='lat' dir='ltr'>antequam</span> <span class='ocrx_word' id='word_1_324' title='bbox 2480 2909 2537 2952; x_wconf 87' lang='lat' dir='ltr'>ad</span> 
     </span>
     <span class='ocr_line' id='line_1_38' title="bbox 145 2981 2536 3039; baseline 0.003 -18"><span class='ocrx_word' id='word_1_325' title='bbox 145 2981 257 3022; x_wconf 91' lang='lat' dir='ltr'>hunc</span> <span class='ocrx_word' id='word_1_326' title='bbox 290 2982 489 3025; x_wconf 82' lang='lat' dir='ltr'>honorem</span> <span class='ocrx_word' id='word_1_327' title='bbox 521 2986 859 3038; x_wconf 88' lang='lat' dir='ltr'>admitterentur,</span> <span class='ocrx_word' id='word_1_328' title='bbox 894 2990 1036 3028; x_wconf 79' lang='lat' dir='ltr'>votum</span> <span class='ocrx_word' id='word_1_329' title='bbox 1068 2990 1157 3027; x_wconf 87' lang='lat' dir='ltr'>erat</span> <span class='ocrx_word' id='word_1_330' title='bbox 1189 2986 1438 3039; x_wconf 87' lang='lat' dir='ltr'>faciendum,</span> <span class='ocrx_word' id='word_1_331' title='bbox 1473 2999 1517 3027; x_wconf 83' lang='grc'>56</span> <span class='ocrx_word' id='word_1_332' title='bbox 1551 2997 1713 3039; x_wconf 82' lang='lat' dir='ltr'>semper</span> <span class='ocrx_word' id='word_1_333' title='bbox 1745 2984 2008 3025; x_wconf 83' lang='lat' dir='ltr'>matrimonio</span> <span class='ocrx_word' id='word_1_334' title='bbox 2042 2985 2256 3027; x_wconf 80' lang='lat' dir='ltr'>abstinere</span> <span class='ocrx_word' id='word_1_335' title='bbox 2289 2990 2328 3027; x_wconf 91' lang='lat' dir='ltr'>et</span> <span class='ocrx_word' id='word_1_336' title='bbox 2362 2986 2536 3028; x_wconf 82' lang='lat' dir='ltr'>eastita-</span> 
     </span>
     <span class='ocr_line' id='line_1_39' title="bbox 145 3063 587 3103; baseline 0.011 -5"><span class='ocrx_word' id='word_1_337' title='bbox 145 3063 228 3098; x_wconf 88' lang='lat' dir='ltr'>tem</span> <span class='ocrx_word' id='word_1_338' title='bbox 262 3073 435 3101; x_wconf 77' lang='lat' dir='ltr'>servare</span> <span class='ocrx_word' id='word_1_339' title='bbox 467 3063 587 3103; x_wconf 80' lang='lat' dir='ltr'>velle.</span> 
     </span>
    </p>

    <p class='ocr_par' dir='ltr' id='par_1_20' title="bbox 145 3136 2538 3268">
     <span class='ocr_line' id='line_1_40' title="bbox 328 3136 2538 3193; baseline 0.002 -16"><span class='ocrx_word' id='word_1_340' title='bbox 328 3136 446 3178; x_wconf 90' lang='lat' dir='ltr'>Idem</span> <span class='ocrx_word' id='word_1_341' title='bbox 478 3145 624 3180; x_wconf 86' lang='lat' dir='ltr'>auctor</span> <span class='ocrx_word' id='word_1_342' title='bbox 656 3140 779 3193; x_wconf 89' lang='lat' dir='ltr'>quasi</span> <span class='ocrx_word' id='word_1_343' title='bbox 811 3141 1010 3181; x_wconf 90' lang='lat' dir='ltr'>maiorem</span> <span class='ocrx_word' id='word_1_344' title='bbox 1043 3140 1167 3180; x_wconf 91' lang='lat' dir='ltr'>dictis</span> <span class='ocrx_word' id='word_1_345' title='bbox 1200 3140 1288 3181; x_wconf 89' lang='lat' dir='ltr'>suis</span> <span class='ocrx_word' id='word_1_346' title='bbox 1310 3140 1433 3181; x_wconf 86' lang='lat' dir='ltr'>fidem</span> <span class='ocrx_word' id='word_1_347' title='bbox 1466 3139 1683 3179; x_wconf 83' lang='lat' dir='ltr'>additurus</span> <span class='ocrx_word' id='word_1_348' title='bbox 1717 3138 1873 3191; x_wconf 75' lang='lat' dir='ltr'>adiicit,</span> <span class='ocrx_word' id='word_1_349' title='bbox 1908 3139 2061 3180; x_wconf 90' lang='lat' dir='ltr'>multas</span> <span class='ocrx_word' id='word_1_350' title='bbox 2086 3139 2273 3191; x_wconf 81' lang='lat' dir='ltr'>virgines</span> <span class='ocrx_word' id='word_1_351' title='bbox 2296 3140 2351 3180; x_wconf 85' lang='lat' dir='ltr'>ad</span> <span class='ocrx_word' id='word_1_352' title='bbox 2369 3140 2538 3182; x_wconf 89' lang='lat' dir='ltr'>Dianae</span> 
     </span>
     <span class='ocr_line' id='line_1_41' title="bbox 145 3211 2538 3268; baseline 0.003 -16"><span class='ocrx_word' id='word_1_353' title='bbox 145 3211 358 3253; x_wconf 88' lang='lat' dir='ltr'>cohortem</span> <span class='ocrx_word' id='word_1_354' title='bbox 391 3214 671 3268; x_wconf 84' lang='lat' dir='ltr'>pertinentes,</span> <span class='ocrx_word' id='word_1_355' title='bbox 714 3216 758 3257; x_wconf 91' lang='lat' dir='ltr'>in</span> <span class='ocrx_word' id='word_1_356' title='bbox 801 3216 905 3258; x_wconf 88' lang='lat' dir='ltr'>deae</span> <span class='ocrx_word' id='word_1_357' title='bbox 946 3216 1052 3257; x_wconf 89' lang='lat' dir='ltr'>iram</span> <span class='ocrx_word' id='word_1_358' title='bbox 1096 3216 1325 3258; x_wconf 83' lang='lat' dir='ltr'>incurrisse</span> <span class='ocrx_word' id='word_1_359' title='bbox 1368 3222 1407 3257; x_wconf 88' lang='lat' dir='ltr'>et</span> <span class='ocrx_word' id='word_1_360' title='bbox 1443 3215 1495 3256; x_wconf 90' lang='lat' dir='ltr'>ob</span> <span class='ocrx_word' id='word_1_361' title='bbox 1528 3214 1686 3255; x_wconf 87' lang='lat' dir='ltr'>laesam</span> <span class='ocrx_word' id='word_1_362' title='bbox 1720 3214 1957 3256; x_wconf 85' lang='lat' dir='ltr'>castitatem</span> <span class='ocrx_word' id='word_1_363' title='bbox 1991 3228 2014 3255; x_wconf 85' lang='lat' dir='ltr'>a</span> <span class='ocrx_word' id='word_1_364' title='bbox 2050 3215 2249 3256; x_wconf 74' lang='lat' dir='ltr'>societate</span> <span class='ocrx_word' id='word_1_365' title='bbox 2283 3215 2374 3257; x_wconf 88' lang='lat' dir='ltr'>eius</span> <span class='ocrx_word' id='word_1_366' title='bbox 2408 3216 2538 3259; x_wconf 88' lang='lat' dir='ltr'>inter—</span> 
     </span>
    </p>
   </div>
  </div>
 </body>
</html>
